<?xml version="1.0" encoding="UTF-8"?>
<!DOCTYPE html PUBLIC "-//W3C//DTD XHTML 1.0 Transitional//EN"
    "http://www.w3.org/TR/xhtml1/DTD/xhtml1-transitional.dtd">
<html xmlns="http://www.w3.org/1999/xhtml" xml:lang="en" lang="en">
 <head>
  <title>
</title>
<meta http-equiv="Content-Type" content="text/html;charset=utf-8" />
  <meta name='ocr-system' content='tesseract 3.04.00' />
  <meta name='ocr-capabilities' content='ocr_page ocr_carea ocr_par ocr_line ocrx_word'/>
</head>
<body>
  <div class='ocr_page' id='page_1' title='image "./epidicusfromtext00plauuoft_0116.png"; bbox 0 0 2100 3326; ppageno 0'>
   <div class='ocr_carea' id='block_1_1' title="bbox 194 107 1214 168">
    <p class='ocr_par' dir='ltr' id='par_1_1' title="bbox 194 107 1214 168">
     <span class='ocr_line' id='line_1_1' title="bbox 194 107 1214 168; baseline 0.004 -15"><span class='ocrx_word' id='word_1_1' title='bbox 194 107 258 168; x_wconf 83' lang='lat'><strong>78</strong></span> <span class='ocrx_word' id='word_1_2' title='bbox 919 108 1064 156; x_wconf 81' lang='lat' dir='ltr'><strong>PLA</strong></span> <span class='ocrx_word' id='word_1_3' title='bbox 1085 108 1214 157; x_wconf 80' lang='lat' dir='ltr'><strong>VT!</strong></span> 
     </span>
    </p>
   </div>
   <div class='ocr_carea' id='block_1_2' title="bbox 1485 104 1933 175">
    <p class='ocr_par' dir='ltr' id='par_1_2' title="bbox 1485 104 1933 175">
     <span class='ocr_line' id='line_1_2' title="bbox 1485 104 1933 175; baseline 0 0"><span class='ocrx_word' id='word_1_4' title='bbox 1485 104 1554 175; x_wconf 90' lang='lat' dir='ltr'><strong>[V</strong></span> <span class='ocrx_word' id='word_1_5' title='bbox 1588 125 1630 167; x_wconf 72' lang='lat'><strong>1,</strong></span> <span class='ocrx_word' id='word_1_6' title='bbox 1659 110 1933 175; x_wconf 83' lang='lat'><strong>645—653</strong></span> 
     </span>
    </p>
   </div>
   <div class='ocr_carea' id='block_1_3' title="bbox 191 242 1937 309">
    <p class='ocr_par' dir='ltr' id='par_1_3' title="bbox 191 242 1937 309">
     <span class='ocr_line' id='line_1_3' title="bbox 191 242 1937 309; baseline 0.003 -19"><span class='ocrx_word' id='word_1_7' title='bbox 191 243 277 290; x_wconf 78' lang='grc' dir='ltr'><strong>ΕΡ.</strong></span> <span class='ocrx_word' id='word_1_8' title='bbox 337 243 457 292; x_wconf 83' lang='grc' dir='ltr'><strong>Νόη</strong></span> <span class='ocrx_word' id='word_1_9' title='bbox 523 244 693 293; x_wconf 88' lang='lat' dir='ltr'><strong>habeo</strong></span> <span class='ocrx_word' id='word_1_10' title='bbox 755 244 912 292; x_wconf 87' lang='lat' dir='ltr'>ullam</span> <span class='ocrx_word' id='word_1_11' title='bbox 975 242 1318 303; x_wconf 55' lang='lat' dir='ltr'><strong>occasionem,</strong></span> <span class='ocrx_word' id='word_1_12' title='bbox 1384 254 1438 293; x_wconf 89' lang='lat' dir='ltr'><strong>ut</strong></span> <span class='ocrx_word' id='word_1_13' title='bbox 1501 244 1638 309; x_wconf 62' lang='lat' dir='ltr'><strong>Apud</strong></span> <span class='ocrx_word' id='word_1_14' title='bbox 1700 255 1750 295; x_wconf 87' lang='lat' dir='ltr'><strong>te</strong></span> <span class='ocrx_word' id='word_1_15' title='bbox 1811 246 1937 295; x_wconf 86' lang='lat' dir='ltr'>falsa</span> 
     </span>
    </p>
   </div>
   <div class='ocr_carea' id='block_1_4' title="bbox 327 327 535 377">
    <p class='ocr_par' dir='ltr' id='par_1_4' title="bbox 327 327 535 377">
     <span class='ocr_line' id='line_1_4' title="bbox 327 327 535 377; baseline 0.01 -3"><span class='ocrx_word' id='word_1_16' title='bbox 327 327 535 377; x_wconf 67' lang='lat' dir='ltr'><strong>fzibuler.</strong></span> 
     </span>
    </p>
   </div>
   <div class='ocr_carea' id='block_1_5' title="bbox 1832 331 1928 394">
    <p class='ocr_par' dir='ltr' id='par_1_5' title="bbox 1832 331 1928 394">
     <span class='ocr_line' id='line_1_5' title="bbox 1832 331 1928 394; baseline 0.031 -3"><span class='ocrx_word' id='word_1_17' title='bbox 1832 331 1928 394; x_wconf 89' lang='lat'><strong>645</strong></span> 
     </span>
    </p>
   </div>
   <div class='ocr_carea' id='block_1_6' title="bbox 186 397 1935 478">
    <p class='ocr_par' dir='ltr' id='par_1_6' title="bbox 186 397 1935 478">
     <span class='ocr_line' id='line_1_6' title="bbox 186 397 1935 478; baseline 0.002 -19"><span class='ocrx_word' id='word_1_18' title='bbox 186 412 265 460; x_wconf 83' lang='lat' dir='ltr'><strong>ST.</strong></span> <span class='ocrx_word' id='word_1_19' title='bbox 311 397 507 475; x_wconf 59' lang='lat' dir='ltr'><strong>Accipe</strong></span> <span class='ocrx_word' id='word_1_20' title='bbox 544 421 812 476; x_wconf 84' lang='lat' dir='ltr'><strong>argentum</strong></span> <span class='ocrx_word' id='word_1_21' title='bbox 854 412 966 471; x_wconf 77' lang='lat' dir='ltr'><strong>h6c,</strong></span> <span class='ocrx_word' id='word_1_22' title='bbox 1009 410 1224 461; x_wconf 80' lang='lat' dir='ltr'><strong>danista.</strong></span> <span class='ocrx_word' id='word_1_23' title='bbox 1300 411 1383 460; x_wconf 92' lang='lat' dir='ltr'><strong>hic</strong></span> <span class='ocrx_word' id='word_1_24' title='bbox 1434 415 1552 461; x_wconf 71' lang='lat' dir='ltr'><strong>stint</strong></span> <span class='ocrx_word' id='word_1_25' title='bbox 1601 412 1935 478; x_wconf 56' lang='lat' dir='ltr'><strong>quadraginta</strong></span> 
     </span>
    </p>
   </div>
   <div class='ocr_carea' id='block_1_7' title="bbox 326 494 523 546">
    <p class='ocr_par' dir='ltr' id='par_1_7' title="bbox 326 494 523 546">
     <span class='ocr_line' id='line_1_7' title="bbox 326 494 523 546; baseline 0.015 -3"><span class='ocrx_word' id='word_1_26' title='bbox 326 494 523 546; x_wconf 88' lang='lat' dir='ltr'><strong>minae:</strong></span> 
     </span>
    </p>
   </div>
   <div class='ocr_carea' id='block_1_8' title="bbox 182 578 1723 714">
    <p class='ocr_par' dir='ltr' id='par_1_8' title="bbox 182 578 1723 714">
     <span class='ocr_line' id='line_1_8' title="bbox 182 578 1091 643; baseline 0 -15"><span class='ocrx_word' id='word_1_27' title='bbox 182 578 364 643; x_wconf 77' lang='lat' dir='ltr'><strong>Siquid</strong></span> <span class='ocrx_word' id='word_1_28' title='bbox 404 580 495 629; x_wconf 89' lang='lat' dir='ltr'><strong>erit</strong></span> <span class='ocrx_word' id='word_1_29' title='bbox 535 579 767 640; x_wconf 86' lang='lat' dir='ltr'><strong>dubium,</strong></span> <span class='ocrx_word' id='word_1_30' title='bbox 811 581 1091 629; x_wconf 77' lang='lat' dir='ltr'><strong>inmutabo.</strong></span> 
     </span>
     <span class='ocr_line' id='line_1_9' title="bbox 996 662 1723 714; baseline 0.003 -2"><span class='ocrx_word' id='word_1_31' title='bbox 996 665 1135 714; x_wconf 77' lang='lat' dir='ltr'><strong>Bene</strong></span> <span class='ocrx_word' id='word_1_32' title='bbox 1173 662 1368 713; x_wconf 86' lang='lat' dir='ltr'><strong>fecisti:</strong></span> <span class='ocrx_word' id='word_1_33' title='bbox 1409 664 1542 714; x_wconf 82' lang='lat' dir='ltr'><strong>bene</strong></span> <span class='ocrx_word' id='word_1_34' title='bbox 1580 664 1723 714; x_wconf 86' lang='lat' dir='ltr'><strong>vale!</strong></span> 
     </span>
    </p>
   </div>
   <div class='ocr_carea' id='block_1_9' title="bbox 710 833 1930 899">
    <p class='ocr_par' dir='ltr' id='par_1_9' title="bbox 710 833 1930 899">
     <span class='ocr_line' id='line_1_10' title="bbox 710 833 1930 899; baseline -0.001 -16"><span class='ocrx_word' id='word_1_35' title='bbox 710 835 862 884; x_wconf 86' lang='lat' dir='ltr'>Soror</span> <span class='ocrx_word' id='word_1_36' title='bbox 904 833 1113 898; x_wconf 88' lang='lat' dir='ltr'><strong>quidem</strong></span> <span class='ocrx_word' id='word_1_37' title='bbox 1154 833 1354 898; x_wconf 72' lang='lat' dir='ltr'><strong>edepol,</strong></span> <span class='ocrx_word' id='word_1_38' title='bbox 1397 843 1452 883; x_wconf 89' lang='lat' dir='ltr'><strong>ut</strong></span> <span class='ocrx_word' id='word_1_39' title='bbox 1490 843 1544 883; x_wconf 88' lang='lat' dir='ltr'><strong>tu</strong></span> <span class='ocrx_word' id='word_1_40' title='bbox 1583 835 1748 899; x_wconf 72' lang='lat' dir='ltr'><strong>aeque</strong></span> <span class='ocrx_word' id='word_1_41' title='bbox 1786 833 1930 883; x_wconf 79' lang='lat' dir='ltr'><strong>scias,</strong></span> 
     </span>
    </p>
   </div>
   <div class='ocr_carea' id='block_1_10' title="bbox 183 665 1121 1053">
    <p class='ocr_par' dir='ltr' id='par_1_10' title="bbox 183 665 1121 1053">
     <span class='ocr_line' id='line_1_11' title="bbox 816 665 915 712; baseline -0.01 0"><span class='ocrx_word' id='word_1_42' title='bbox 816 665 915 712; x_wconf 77' lang='lat' dir='ltr'><strong>DA.</strong></span> 
     </span>
     <span class='ocr_line' id='line_1_12' title="bbox 185 748 980 799; baseline -0.004 0"><span class='ocrx_word' id='word_1_43' title='bbox 185 751 269 799; x_wconf 83' lang='lat' dir='ltr'><strong>ST.</strong></span> <span class='ocrx_word' id='word_1_44' title='bbox 349 751 504 798; x_wconf 78' lang='lat' dir='ltr'><strong>Ni&#39;inc</strong></span> <span class='ocrx_word' id='word_1_45' title='bbox 543 750 678 799; x_wconf 83' lang='lat' dir='ltr'><strong>enim</strong></span> <span class='ocrx_word' id='word_1_46' title='bbox 720 759 772 798; x_wconf 84' lang='lat' dir='ltr'><strong>tu</strong></span> <span class='ocrx_word' id='word_1_47' title='bbox 813 748 980 798; x_wconf 60' lang='lat' dir='ltr'><strong>med&#39;S.</strong></span> 
     </span>
     <span class='ocr_line' id='line_1_13' title="bbox 535 835 630 882; baseline 0 0"><span class='ocrx_word' id='word_1_48' title='bbox 535 835 580 882; x_wconf 92' lang='lat' dir='ltr'>T</span> <span class='ocrx_word' id='word_1_49' title='bbox 588 849 630 882; x_wconf 83' lang='lat' dir='ltr'><strong>E.</strong></span> 
     </span>
     <span class='ocr_line' id='line_1_14' title="bbox 183 920 575 978; baseline -0.003 -10"><span class='ocrx_word' id='word_1_50' title='bbox 183 920 352 978; x_wconf 70' lang='lat' dir='ltr'><strong>Szilve,</strong></span> <span class='ocrx_word' id='word_1_51' title='bbox 393 920 575 968; x_wconf 78' lang='lat' dir='ltr'><strong>frater!</strong></span> 
     </span>
     <span class='ocr_line' id='line_1_15' title="bbox 467 1003 1121 1053; baseline -0.005 0"><span class='ocrx_word' id='word_1_52' title='bbox 467 1005 548 1053; x_wconf 82' lang='lat' dir='ltr'><strong>ST.</strong></span> <span class='ocrx_word' id='word_1_53' title='bbox 628 1004 798 1052; x_wconf 67' lang='lat' dir='ltr'><strong>Sainan</strong></span> <span class='ocrx_word' id='word_1_54' title='bbox 838 1003 965 1052; x_wconf 86' lang='lat' dir='ltr'><strong>haec</strong></span> <span class='ocrx_word' id='word_1_55' title='bbox 1006 1003 1121 1052; x_wconf 85' lang='lat' dir='ltr'><strong>est?</strong></span> 
     </span>
    </p>
   </div>
   <div class='ocr_carea' id='block_1_11' title="bbox 927 1088 1017 1136">
    <p class='ocr_par' dir='ltr' id='par_1_11' title="bbox 927 1088 1017 1136">
     <span class='ocr_line' id='line_1_16' title="bbox 927 1088 1017 1136; baseline -0.022 0"><span class='ocrx_word' id='word_1_56' title='bbox 927 1088 1017 1136; x_wconf 82' lang='grc' dir='ltr'><strong>ΕΡ.</strong></span> 
     </span>
    </p>
   </div>
   <div class='ocr_carea' id='block_1_12' title="bbox 1096 1085 1789 1150">
    <p class='ocr_par' dir='ltr' id='par_1_12' title="bbox 1096 1085 1789 1150">
     <span class='ocr_line' id='line_1_17' title="bbox 1096 1085 1789 1150; baseline 0 -15"><span class='ocrx_word' id='word_1_57' title='bbox 1096 1087 1245 1146; x_wconf 51' lang='lat' dir='ltr'><strong>Sena,</strong></span> <span class='ocrx_word' id='word_1_58' title='bbox 1285 1085 1325 1135; x_wconf 88' lang='lat' dir='ltr'><strong>si</strong></span> <span class='ocrx_word' id='word_1_59' title='bbox 1363 1086 1590 1150; x_wconf 74' lang='lat' dir='ltr'><strong>adpellait</strong></span> <span class='ocrx_word' id='word_1_60' title='bbox 1627 1103 1789 1137; x_wconf 88' lang='lat' dir='ltr'>suom.</span> 
     </span>
    </p>
   </div>
   <div class='ocr_carea' id='block_1_13' title="bbox 183 1169 1933 1236">
    <p class='ocr_par' dir='ltr' id='par_1_13' title="bbox 183 1169 1933 1236">
     <span class='ocr_line' id='line_1_18' title="bbox 183 1169 1933 1236; baseline 0 -14"><span class='ocrx_word' id='word_1_61' title='bbox 183 1173 266 1222; x_wconf 85' lang='lat' dir='ltr'><strong>ST.</strong></span> <span class='ocrx_word' id='word_1_62' title='bbox 345 1173 525 1235; x_wconf 83' lang='lat' dir='ltr'><strong>Quid?</strong></span> <span class='ocrx_word' id='word_1_63' title='bbox 587 1187 683 1236; x_wconf 85' lang='lat' dir='ltr'><strong>ego</strong></span> <span class='ocrx_word' id='word_1_64' title='bbox 730 1171 889 1220; x_wconf 92' lang='lat' dir='ltr'><strong>modo</strong></span> <span class='ocrx_word' id='word_1_65' title='bbox 933 1188 1042 1219; x_wconf 86' lang='lat' dir='ltr'><strong>sum</strong></span> <span class='ocrx_word' id='word_1_66' title='bbox 1088 1169 1206 1219; x_wconf 91' lang='lat' dir='ltr'><strong>huic</strong></span> <span class='ocrx_word' id='word_1_67' title='bbox 1258 1171 1409 1220; x_wconf 53' lang='lat' dir='ltr'><strong>frater</strong></span> <span class='ocrx_word' id='word_1_68' title='bbox 1452 1172 1631 1232; x_wconf 81' lang='lat' dir='ltr'><strong>factuS,</strong></span> <span class='ocrx_word' id='word_1_69' title='bbox 1672 1173 1796 1222; x_wconf 70' lang='lat' dir='ltr'><strong>diim</strong></span> <span class='ocrx_word' id='word_1_70' title='bbox 1836 1188 1933 1236; x_wconf 88' lang='lat' dir='ltr'><strong>ego</strong></span> 
     </span>
    </p>
   </div>
   <div class='ocr_carea' id='block_1_14' title="bbox 185 1256 961 1478">
    <p class='ocr_par' dir='ltr' id='par_1_14' title="bbox 185 1256 961 1478">
     <span class='ocr_line' id='line_1_19' title="bbox 249 1256 961 1320; baseline -0.001 -15"><span class='ocrx_word' id='word_1_71' title='bbox 249 1305 254 1310; x_wconf 75' lang='grc'>,</span> <span class='ocrx_word' id='word_1_72' title='bbox 325 1272 387 1306; x_wconf 92' lang='lat' dir='ltr'><strong>eo</strong></span> <span class='ocrx_word' id='word_1_73' title='bbox 426 1256 560 1305; x_wconf 87' lang='lat' dir='ltr'><strong>intro</strong></span> <span class='ocrx_word' id='word_1_74' title='bbox 599 1266 756 1320; x_wconf 87' lang='lat' dir='ltr'><strong>atque</strong></span> <span class='ocrx_word' id='word_1_75' title='bbox 794 1256 961 1305; x_wconf 77' lang='lat' dir='ltr'><strong>exeo?</strong></span> 
     </span>
     <span class='ocr_line' id='line_1_20' title="bbox 187 1344 276 1392; baseline 0 -1"><span class='ocrx_word' id='word_1_76' title='bbox 187 1344 276 1392; x_wconf 77' lang='grc' dir='ltr'><strong>ΕΡ.</strong></span> 
     </span>
     <span class='ocr_line' id='line_1_21' title="bbox 185 1430 267 1478; baseline -0.049 0"><span class='ocrx_word' id='word_1_77' title='bbox 185 1430 267 1478; x_wconf 83' lang='lat' dir='ltr'><strong>ST.</strong></span> 
     </span>
    </p>
   </div>
   <div class='ocr_carea' id='block_1_15' title="bbox 1831 1259 1933 1321">
    <p class='ocr_par' dir='ltr' id='par_1_15' title="bbox 1831 1259 1933 1321">
     <span class='ocr_line' id='line_1_22' title="bbox 1831 1259 1933 1321; baseline -0.01 -16"><span class='ocrx_word' id='word_1_78' title='bbox 1831 1259 1933 1321; x_wconf 89' lang='lat'><strong>650</strong></span> 
     </span>
    </p>
   </div>
   <div class='ocr_carea' id='block_1_16' title="bbox 348 1340 1931 1490">
    <p class='ocr_par' dir='ltr' id='par_1_16' title="bbox 348 1340 1931 1490">
     <span class='ocr_line' id='line_1_23' title="bbox 355 1340 1931 1406; baseline -0.002 -15"><span class='ocrx_word' id='word_1_79' title='bbox 355 1343 511 1406; x_wconf 67' lang='lat' dir='ltr'>Qubd</span> <span class='ocrx_word' id='word_1_80' title='bbox 550 1340 736 1399; x_wconf 83' lang='lat' dir='ltr'><strong>bonist‚</strong></span> <span class='ocrx_word' id='word_1_81' title='bbox 777 1340 827 1389; x_wconf 91' lang='lat' dir='ltr'><strong>id</strong></span> <span class='ocrx_word' id='word_1_82' title='bbox 865 1340 1048 1390; x_wconf 68' lang='lat' dir='ltr'><strong>tticitus</strong></span> <span class='ocrx_word' id='word_1_83' title='bbox 1083 1349 1253 1389; x_wconf 85' lang='lat' dir='ltr'><strong>taceas</strong></span> <span class='ocrx_word' id='word_1_84' title='bbox 1280 1343 1389 1390; x_wconf 72' lang='lat' dir='ltr'><strong>tiite</strong></span> <span class='ocrx_word' id='word_1_85' title='bbox 1416 1349 1585 1389; x_wconf 89' lang='lat' dir='ltr'><strong>tecum</strong></span> <span class='ocrx_word' id='word_1_86' title='bbox 1613 1350 1663 1390; x_wconf 91' lang='lat' dir='ltr'><strong>et</strong></span> <span class='ocrx_word' id='word_1_87' title='bbox 1689 1340 1931 1406; x_wconf 69' lang='lat' dir='ltr'><strong>gaddeas.</strong></span> 
     </span>
     <span class='ocr_line' id='line_1_24' title="bbox 348 1424 1360 1490; baseline -0.005 -14"><span class='ocrx_word' id='word_1_88' title='bbox 348 1426 629 1477; x_wconf 73' lang='lat' dir='ltr'><strong>Perdidisti</strong></span> <span class='ocrx_word' id='word_1_89' title='bbox 669 1438 718 1476; x_wconf 90' lang='lat' dir='ltr'><strong>et</strong></span> <span class='ocrx_word' id='word_1_90' title='bbox 757 1424 1026 1490; x_wconf 80' lang='lat' dir='ltr'><strong>repperisti</strong></span> <span class='ocrx_word' id='word_1_91' title='bbox 1065 1427 1163 1484; x_wconf 82' lang='lat' dir='ltr'><strong>me‘,</strong></span> <span class='ocrx_word' id='word_1_92' title='bbox 1205 1439 1360 1474; x_wconf 83' lang='lat' dir='ltr'>soror.</span> 
     </span>
    </p>
   </div>
   <div class='ocr_carea' id='block_1_17' title="bbox 1170 1508 1746 1558">
    <p class='ocr_par' dir='ltr' id='par_1_17' title="bbox 1170 1508 1746 1558">
     <span class='ocr_line' id='line_1_25' title="bbox 1170 1508 1746 1558; baseline 0.002 -1"><span class='ocrx_word' id='word_1_93' title='bbox 1170 1509 1261 1557; x_wconf 78' lang='lat' dir='ltr'><strong>Ep.</strong></span> <span class='ocrx_word' id='word_1_94' title='bbox 1340 1508 1581 1558; x_wconf 76' lang='lat' dir='ltr'><strong>Stultii’s:</strong></span> <span class='ocrx_word' id='word_1_95' title='bbox 1620 1519 1746 1558; x_wconf 89' lang='lat' dir='ltr'><strong>tace.</strong></span> 
     </span>
    </p>
   </div>
   <div class='ocr_carea' id='block_1_18' title="bbox 180 1592 1931 1661">
    <p class='ocr_par' dir='ltr' id='par_1_18' title="bbox 180 1592 1931 1661">
     <span class='ocr_line' id='line_1_26' title="bbox 180 1592 1931 1661; baseline -0.002 -15"><span class='ocrx_word' id='word_1_96' title='bbox 180 1595 303 1646; x_wconf 81' lang='lat' dir='ltr'><strong>Tibi</strong></span> <span class='ocrx_word' id='word_1_97' title='bbox 359 1596 587 1661; x_wconf 86' lang='lat' dir='ltr'><strong>quidem,</strong></span> <span class='ocrx_word' id='word_1_98' title='bbox 629 1595 770 1660; x_wconf 90' lang='lat' dir='ltr'>quod</span> <span class='ocrx_word' id='word_1_99' title='bbox 816 1596 971 1653; x_wconf 77' lang='lat' dir='ltr'><strong>ameS‚</strong></span> <span class='ocrx_word' id='word_1_100' title='bbox 1011 1594 1151 1643; x_wconf 89' lang='lat' dir='ltr'><strong>dorni</strong></span> <span class='ocrx_word' id='word_1_101' title='bbox 1198 1592 1734 1657; x_wconf 77' lang='lat' dir='ltr'><strong>praestost—si&#39;dicina</strong></span> <span class='ocrx_word' id='word_1_102' title='bbox 1771 1594 1931 1642; x_wconf 86' lang='lat' dir='ltr'><em>illa—</em></span> 
     </span>
    </p>
   </div>
   <div class='ocr_carea' id='block_1_19' title="bbox 324 1682 667 1746">
    <p class='ocr_par' dir='ltr' id='par_1_19' title="bbox 324 1682 667 1746">
     <span class='ocr_line' id='line_1_27' title="bbox 324 1682 667 1746; baseline 0 -16"><span class='ocrx_word' id='word_1_103' title='bbox 324 1682 479 1746; x_wconf 66' lang='lat' dir='ltr'><strong>operai</strong></span> <span class='ocrx_word' id='word_1_104' title='bbox 517 1697 632 1730; x_wconf 86' lang='lat' dir='ltr'><strong>mea</strong></span> <span class='ocrx_word' id='word_1_105' title='bbox 658 1700 667 1730; x_wconf 77' lang='grc' dir='ltr'>ε</span> 
     </span>
    </p>
   </div>
   <div class='ocr_carea' id='block_1_20' title="bbox 170 1822 1019 3064">
    <p class='ocr_par' dir='ltr' id='par_1_20' title="bbox 184 1822 1015 1936">
     <span class='ocr_line' id='line_1_28' title="bbox 184 1822 1015 1878; baseline -0.005 -11"><span class='ocrx_word' id='word_1_106' title='bbox 184 1827 434 1878; x_wconf 80' lang='grc' dir='ltr'>δεδορκὸτος,</span> <span class='ocrx_word' id='word_1_107' title='bbox 460 1826 535 1867; x_wconf 67' lang='grc' dir='ltr'><strong>ἃς.</strong></span> <span class='ocrx_word' id='word_1_108' title='bbox 560 1825 644 1865; x_wconf 83' lang='lat' dir='ltr'><strong>and</strong></span> <span class='ocrx_word' id='word_1_109' title='bbox 676 1838 791 1878; x_wconf 82' lang='lat' dir='ltr'><strong>supr.</strong></span> <span class='ocrx_word' id='word_1_110' title='bbox 815 1822 868 1878; x_wconf 91' lang='lat'><strong>96</strong></span> <span class='ocrx_word' id='word_1_111' title='bbox 899 1831 1015 1877; x_wconf 73' lang='lat' dir='ltr'><strong>expe·</strong></span> 
     </span>
     <span class='ocr_line' id='line_1_29' title="bbox 187 1882 615 1936; baseline -0.007 -12"><span class='ocrx_word' id='word_1_112' title='bbox 187 1885 324 1924; x_wconf 82' lang='lat' dir='ltr'><em>ditum</em></span> <span class='ocrx_word' id='word_1_113' title='bbox 345 1897 396 1923; x_wconf 72' lang='lat' dir='ltr'><strong>cx</strong></span> <span class='ocrx_word' id='word_1_114' title='bbox 419 1882 615 1936; x_wconf 72' lang='lat' dir='ltr'><strong>inpedito.</strong></span> 
     </span>
    </p>

    <p class='ocr_par' dir='ltr' id='par_1_21' title="bbox 182 1939 1019 2218">
     <span class='ocr_line' id='line_1_30' title="bbox 241 1939 1014 1985; baseline -0.005 -5"><span class='ocrx_word' id='word_1_115' title='bbox 241 1945 332 1980; x_wconf 77' lang='lat'><strong>645.</strong></span> <span class='ocrx_word' id='word_1_116' title='bbox 392 1941 686 1985; x_wconf 80' lang='lat' dir='ltr'>occasionem,</span> <span class='ocrx_word' id='word_1_117' title='bbox 724 1940 778 1977; x_wconf 77' lang='lat' dir='ltr'><strong>ut</strong></span> <span class='ocrx_word' id='word_1_118' title='bbox 819 1939 1014 1976; x_wconf 83' lang='lat' dir='ltr'><strong>fabuler.</strong></span> 
     </span>
     <span class='ocr_line' id='line_1_31' title="bbox 186 1995 1018 2050; baseline -0.005 -13"><span class='ocrx_word' id='word_1_119' title='bbox 186 1997 294 2050; x_wconf 86' lang='lat' dir='ltr'><strong>Cap.</strong></span> <span class='ocrx_word' id='word_1_120' title='bbox 324 2011 343 2037; x_wconf 85' lang='lat'>2</span> <span class='ocrx_word' id='word_1_121' title='bbox 353 2009 400 2048; x_wconf 79' lang='lat'><strong>57</strong></span> <span class='ocrx_word' id='word_1_122' title='bbox 433 2010 517 2035; x_wconf 81' lang='lat' dir='ltr'><strong>non</strong></span> <span class='ocrx_word' id='word_1_123' title='bbox 557 1995 670 2034; x_wconf 83' lang='lat' dir='ltr'><em>iusta</em></span> <span class='ocrx_word' id='word_1_124' title='bbox 707 2008 832 2034; x_wconf 76' lang='lat' dir='ltr'><em>causa</em></span> <span class='ocrx_word' id='word_1_125' title='bbox 870 1999 929 2033; x_wconf 80' lang='lat' dir='ltr'><strong>est</strong></span> <span class='ocrx_word' id='word_1_126' title='bbox 968 1999 1018 2033; x_wconf 86' lang='lat' dir='ltr'><strong>ut</strong></span> 
     </span>
     <span class='ocr_line' id='line_1_32' title="bbox 184 2050 1019 2100; baseline -0.007 -6"><span class='ocrx_word' id='word_1_127' title='bbox 184 2067 256 2094; x_wconf 86' lang='lat' dir='ltr'><strong>vos</strong></span> <span class='ocrx_word' id='word_1_128' title='bbox 270 2066 428 2093; x_wconf 73' lang='lat' dir='ltr'><strong>servem</strong></span> <span class='ocrx_word' id='word_1_129' title='bbox 445 2052 595 2091; x_wconf 82' lang='lat' dir='ltr'><strong>sedulo.</strong></span> <span class='ocrx_word' id='word_1_130' title='bbox 660 2050 752 2090; x_wconf 79' lang='lat' dir='ltr'><strong>Mil.</strong></span> <span class='ocrx_word' id='word_1_131' title='bbox 776 2063 823 2100; x_wconf 84' lang='lat'><strong>72</strong></span> <span class='ocrx_word' id='word_1_132' title='bbox 844 2050 1019 2090; x_wconf 72' lang='lat' dir='ltr'><strong>videtur</strong></span> 
     </span>
     <span class='ocr_line' id='line_1_33' title="bbox 182 2105 1013 2163; baseline -0.007 -13"><span class='ocrx_word' id='word_1_133' title='bbox 182 2116 348 2163; x_wconf 77' lang='lat' dir='ltr'><strong>tempus</strong></span> <span class='ocrx_word' id='word_1_134' title='bbox 378 2122 458 2148; x_wconf 81' lang='lat' dir='ltr'><strong>esse</strong></span> <span class='ocrx_word' id='word_1_135' title='bbox 494 2114 542 2147; x_wconf 85' lang='lat' dir='ltr'><strong>ut</strong></span> <span class='ocrx_word' id='word_1_136' title='bbox 576 2121 722 2147; x_wconf 80' lang='lat' dir='ltr'><em>eamus</em></span> <span class='ocrx_word' id='word_1_137' title='bbox 761 2107 820 2146; x_wconf 77' lang='lat' dir='ltr'><strong>ad</strong></span> <span class='ocrx_word' id='word_1_138' title='bbox 842 2105 1013 2160; x_wconf 76' lang='lat' dir='ltr'><em>sorum.</em></span> 
     </span>
     <span class='ocr_line' id='line_1_34' title="bbox 186 2167 928 2218; baseline -0.009 -10"><span class='ocrx_word' id='word_1_139' title='bbox 186 2167 246 2208; x_wconf 84' lang='lat' dir='ltr'><strong>So</strong></span> <span class='ocrx_word' id='word_1_140' title='bbox 266 2174 353 2218; x_wconf 76' lang='lat' dir='ltr'><strong>spes</strong></span> <span class='ocrx_word' id='word_1_141' title='bbox 375 2171 434 2213; x_wconf 85' lang='lat' dir='ltr'><strong>ut,</strong></span> <span class='ocrx_word' id='word_1_142' title='bbox 459 2178 566 2204; x_wconf 79' lang='lat' dir='ltr'><em>ansa</em></span> <span class='ocrx_word' id='word_1_143' title='bbox 591 2170 652 2207; x_wconf 80' lang='lat' dir='ltr'><strong>ut,</strong></span> <span class='ocrx_word' id='word_1_144' title='bbox 669 2169 845 2217; x_wconf 74' lang='lat' dir='ltr'><strong>potestas</strong></span> <span class='ocrx_word' id='word_1_145' title='bbox 867 2169 928 2202; x_wconf 80' lang='lat' dir='ltr'><strong>ut.</strong></span> 
     </span>
    </p>

    <p class='ocr_par' dir='ltr' id='par_1_22' title="bbox 170 2218 1018 2502">
     <span class='ocr_line' id='line_1_35' title="bbox 242 2218 1013 2270; baseline -0.005 -8"><span class='ocrx_word' id='word_1_146' title='bbox 242 2227 333 2263; x_wconf 76' lang='lat'>647.</span> <span class='ocrx_word' id='word_1_147' title='bbox 375 2224 488 2261; x_wconf 84' lang='lat' dir='ltr'><strong>bene</strong></span> <span class='ocrx_word' id='word_1_148' title='bbox 509 2223 672 2269; x_wconf 76' lang='lat' dir='ltr'><strong>fecisti,</strong></span> <span class='ocrx_word' id='word_1_149' title='bbox 692 2234 746 2259; x_wconf 89' lang='lat' dir='ltr'><strong>an</strong></span> <span class='ocrx_word' id='word_1_150' title='bbox 767 2218 1013 2270; x_wconf 73' lang='lat' dir='ltr'><strong>expression</strong></span> 
     </span>
     <span class='ocr_line' id='line_1_36' title="bbox 184 2275 1015 2319; baseline -0.002 -1"><span class='ocrx_word' id='word_1_151' title='bbox 184 2278 234 2318; x_wconf 86' lang='lat' dir='ltr'><strong>os</strong></span> <span class='ocrx_word' id='word_1_152' title='bbox 268 2278 440 2319; x_wconf 86' lang='lat' dir='ltr'><strong>thanks.</strong></span> <span class='ocrx_word' id='word_1_153' title='bbox 502 2277 639 2318; x_wconf 89' lang='lat' dir='ltr'><strong>Other</strong></span> <span class='ocrx_word' id='word_1_154' title='bbox 687 2275 894 2316; x_wconf 82' lang='lat' dir='ltr'><strong>formulae</strong></span> <span class='ocrx_word' id='word_1_155' title='bbox 945 2289 1015 2316; x_wconf 86' lang='lat' dir='ltr'><strong>are</strong></span> 
     </span>
     <span class='ocr_line' id='line_1_37' title="bbox 185 2332 1013 2388; baseline -0.004 -14"><span class='ocrx_word' id='word_1_156' title='bbox 185 2335 284 2376; x_wconf 83' lang='lat' dir='ltr'><strong>bene</strong></span> <span class='ocrx_word' id='word_1_157' title='bbox 305 2334 438 2388; x_wconf 84' lang='lat' dir='ltr'><em>facis,</em></span> <span class='ocrx_word' id='word_1_158' title='bbox 481 2333 612 2387; x_wconf 78' lang='lat' dir='ltr'><strong>lepide</strong></span> <span class='ocrx_word' id='word_1_159' title='bbox 637 2332 764 2385; x_wconf 68' lang='lat' dir='ltr'><strong>siu-is,</strong></span> <span class='ocrx_word' id='word_1_160' title='bbox 793 2332 911 2385; x_wconf 64' lang='lat' dir='ltr'><strong>siu-is</strong></span> <span class='ocrx_word' id='word_1_161' title='bbox 956 2332 1013 2372; x_wconf 79' lang='lat' dir='ltr'><strong>be-</strong></span> 
     </span>
     <span class='ocr_line' id='line_1_38' title="bbox 186 2388 1018 2444; baseline -0.005 -13"><span class='ocrx_word' id='word_1_162' title='bbox 186 2393 327 2444; x_wconf 78' lang='lat' dir='ltr'><strong>nigne,</strong></span> <span class='ocrx_word' id='word_1_163' title='bbox 351 2404 398 2431; x_wconf 88' lang='lat' dir='ltr'><strong>or</strong></span> <span class='ocrx_word' id='word_1_164' title='bbox 419 2390 504 2430; x_wconf 84' lang='lat' dir='ltr'><strong>still</strong></span> <span class='ocrx_word' id='word_1_165' title='bbox 531 2398 737 2442; x_wconf 85' lang='lat' dir='ltr'><strong>stronger‚</strong></span> <span class='ocrx_word' id='word_1_166' title='bbox 767 2388 864 2429; x_wconf 83' lang='lat' dir='ltr'><strong>bene</strong></span> <span class='ocrx_word' id='word_1_167' title='bbox 883 2388 1018 2428; x_wconf 81' lang='lat' dir='ltr'><strong>hercle</strong></span> 
     </span>
     <span class='ocr_line' id='line_1_39' title="bbox 170 2447 715 2502; baseline -0.011 -13"><span class='ocrx_word' id='word_1_168' title='bbox 170 2448 362 2502; x_wconf 81' lang='lat' dir='ltr'><em>factum.</em></span> <span class='ocrx_word' id='word_1_169' title='bbox 425 2447 529 2486; x_wconf 77' lang='lat' dir='ltr'>Also</span> <span class='ocrx_word' id='word_1_170' title='bbox 550 2460 644 2486; x_wconf 86' lang='lat' dir='ltr'><strong>amo</strong></span> <span class='ocrx_word' id='word_1_171' title='bbox 665 2452 715 2486; x_wconf 87' lang='lat' dir='ltr'><strong>te.</strong></span> 
     </span>
    </p>

    <p class='ocr_par' dir='ltr' id='par_1_23' title="bbox 185 2501 1011 2658">
     <span class='ocr_line' id='line_1_40' title="bbox 242 2501 1006 2551; baseline -0.005 -6"><span class='ocrx_word' id='word_1_172' title='bbox 242 2508 332 2545; x_wconf 77' lang='lat'>648.</span> <span class='ocrx_word' id='word_1_173' title='bbox 384 2513 542 2551; x_wconf 83' lang='lat' dir='ltr'><strong>aeque,</strong></span> <span class='ocrx_word' id='word_1_174' title='bbox 565 2515 622 2543; x_wconf 83' lang='lat' dir='ltr'><strong>sc.</strong></span> <span class='ocrx_word' id='word_1_175' title='bbox 647 2515 805 2542; x_wconf 78' lang='lat' dir='ltr'><em>mecum</em></span> <span class='ocrx_word' id='word_1_176' title='bbox 821 2515 866 2541; x_wconf 83' lang='lat' dir='ltr'><strong>as</strong></span> <span class='ocrx_word' id='word_1_177' title='bbox 885 2501 1006 2541; x_wconf 86' lang='lat' dir='ltr'><strong>Asin.</strong></span> 
     </span>
     <span class='ocr_line' id='line_1_41' title="bbox 188 2559 1011 2614; baseline -0.005 -12"><span class='ocrx_word' id='word_1_178' title='bbox 188 2573 266 2614; x_wconf 81' lang='lat'><strong>332</strong></span> <span class='ocrx_word' id='word_1_179' title='bbox 289 2559 490 2600; x_wconf 82' lang='lat' dir='ltr'><em>animum</em></span> <span class='ocrx_word' id='word_1_180' title='bbox 523 2559 695 2599; x_wconf 74' lang='lat' dir='ltr'><strong>advorte</strong></span> <span class='ocrx_word' id='word_1_181' title='bbox 719 2564 767 2597; x_wconf 85' lang='lat' dir='ltr'><strong>ut</strong></span> <span class='ocrx_word' id='word_1_182' title='bbox 786 2571 914 2610; x_wconf 81' lang='lat' dir='ltr'><strong>aeque</strong></span> <span class='ocrx_word' id='word_1_183' title='bbox 934 2572 1011 2598; x_wconf 88' lang='lat' dir='ltr'><strong>me·</strong></span> 
     </span>
     <span class='ocr_line' id='line_1_42' title="bbox 185 2615 541 2658; baseline -0.008 -1"><span class='ocrx_word' id='word_1_184' title='bbox 185 2631 280 2658; x_wconf 86' lang='lat' dir='ltr'><strong>cum</strong></span> <span class='ocrx_word' id='word_1_185' title='bbox 303 2617 402 2656; x_wconf 78' lang='lat' dir='ltr'><strong>haec</strong></span> <span class='ocrx_word' id='word_1_186' title='bbox 420 2615 541 2655; x_wconf 83' lang='lat' dir='ltr'><em>scias.</em></span> 
     </span>
    </p>

    <p class='ocr_par' dir='ltr' id='par_1_24' title="bbox 184 2669 1014 3064">
     <span class='ocr_line' id='line_1_43' title="bbox 243 2669 1011 2714; baseline -0.007 0"><span class='ocrx_word' id='word_1_187' title='bbox 243 2677 331 2714; x_wconf 75' lang='lat'><strong>649.</strong></span> <span class='ocrx_word' id='word_1_188' title='bbox 388 2681 530 2711; x_wconf 79' lang='lat' dir='ltr'><strong>sana:</strong></span> <span class='ocrx_word' id='word_1_189' title='bbox 558 2671 669 2711; x_wconf 80' lang='lat' dir='ltr'><strong>estis</strong></span> <span class='ocrx_word' id='word_1_190' title='bbox 691 2669 808 2710; x_wconf 87' lang='lat' dir='ltr'><strong>osten</strong></span> <span class='ocrx_word' id='word_1_191' title='bbox 831 2670 1011 2710; x_wconf 87' lang='lat' dir='ltr'><strong>omitted</strong></span> 
     </span>
     <span class='ocr_line' id='line_1_44' title="bbox 184 2726 1013 2780; baseline -0.006 -10"><span class='ocrx_word' id='word_1_192' title='bbox 184 2730 229 2770; x_wconf 88' lang='lat' dir='ltr'><strong>in</strong></span> <span class='ocrx_word' id='word_1_193' title='bbox 261 2743 316 2770; x_wconf 90' lang='lat' dir='ltr'><strong>an</strong></span> <span class='ocrx_word' id='word_1_194' title='bbox 350 2742 515 2769; x_wconf 78' lang='lat' dir='ltr'><strong>answer</strong></span> <span class='ocrx_word' id='word_1_195' title='bbox 553 2726 694 2767; x_wconf 88' lang='lat' dir='ltr'><strong>which</strong></span> <span class='ocrx_word' id='word_1_196' title='bbox 734 2734 901 2780; x_wconf 86' lang='lat' dir='ltr'><strong>repeats</strong></span> <span class='ocrx_word' id='word_1_197' title='bbox 941 2726 1013 2766; x_wconf 90' lang='lat' dir='ltr'><strong>the</strong></span> 
     </span>
     <span class='ocr_line' id='line_1_45' title="bbox 185 2782 1013 2837; baseline -0.002 -13"><span class='ocrx_word' id='word_1_198' title='bbox 185 2786 304 2826; x_wconf 86' lang='lat' dir='ltr'>word</span> <span class='ocrx_word' id='word_1_199' title='bbox 326 2785 375 2825; x_wconf 87' lang='lat' dir='ltr'><strong>of</strong></span> <span class='ocrx_word' id='word_1_200' title='bbox 400 2784 471 2825; x_wconf 90' lang='lat' dir='ltr'><strong>the</strong></span> <span class='ocrx_word' id='word_1_201' title='bbox 507 2784 720 2837; x_wconf 86' lang='lat' dir='ltr'>question,</span> <span class='ocrx_word' id='word_1_202' title='bbox 760 2796 804 2822; x_wconf 79' lang='lat' dir='ltr'><strong>as</strong></span> <span class='ocrx_word' id='word_1_203' title='bbox 835 2783 870 2822; x_wconf 82' lang='lat' dir='ltr'><strong>is</strong></span> <span class='ocrx_word' id='word_1_204' title='bbox 900 2782 1013 2823; x_wconf 91' lang='lat' dir='ltr'><strong>done</strong></span> 
     </span>
     <span class='ocr_line' id='line_1_46' title="bbox 185 2839 1014 2894; baseline -0.007 -11"><span class='ocrx_word' id='word_1_205' title='bbox 185 2843 299 2887; x_wconf 88' lang='lat' dir='ltr'><strong>here,</strong></span> <span class='ocrx_word' id='word_1_206' title='bbox 336 2855 414 2894; x_wconf 90' lang='lat' dir='ltr'><strong>e.g.</strong></span> <span class='ocrx_word' id='word_1_207' title='bbox 454 2840 549 2880; x_wconf 81' lang='lat' dir='ltr'><strong>Mil.</strong></span> <span class='ocrx_word' id='word_1_208' title='bbox 581 2853 659 2892; x_wconf 81' lang='lat'><strong>343</strong></span> <span class='ocrx_word' id='word_1_209' title='bbox 699 2839 745 2879; x_wconf 82' lang='lat' dir='ltr'><strong>P.</strong></span> <span class='ocrx_word' id='word_1_210' title='bbox 774 2839 943 2892; x_wconf 62' lang='lat' dir='ltr'><strong>dzgmcn</strong></span> <span class='ocrx_word' id='word_1_211' title='bbox 973 2853 1014 2878; x_wconf 89' lang='lat' dir='ltr'><strong>es</strong></span> 
     </span>
     <span class='ocr_line' id='line_1_47' title="bbox 185 2895 1006 2948; baseline -0.005 -9"><span class='ocrx_word' id='word_1_212' title='bbox 185 2898 424 2939; x_wconf 80' lang='lat' dir='ltr'><strong>verberibus</strong></span> <span class='ocrx_word' id='word_1_213' title='bbox 444 2897 592 2936; x_wconf 87' lang='lat' dir='ltr'><em>multis</em></span> <span class='ocrx_word' id='word_1_214' title='bbox 606 2897 626 2936; x_wconf 77' lang='lat'><strong>.-⁹</strong></span> <span class='ocrx_word' id='word_1_215' title='bbox 672 2895 713 2937; x_wconf 85' lang='lat' dir='ltr'><strong>S.</strong></span> <span class='ocrx_word' id='word_1_216' title='bbox 736 2895 904 2948; x_wconf 68' lang='lat' dir='ltr'><em>dtgnus.</em></span> <span class='ocrx_word' id='word_1_217' title='bbox 948 2895 1006 2936; x_wconf 90' lang='lat' dir='ltr'><strong>ib.</strong></span> 
     </span>
     <span class='ocr_line' id='line_1_48' title="bbox 185 2951 1009 3011; baseline -0.01 -14"><span class='ocrx_word' id='word_1_218' title='bbox 185 2955 240 3011; x_wconf 91' lang='lat'><strong>96</strong></span> <span class='ocrx_word' id='word_1_219' title='bbox 247 2968 267 3006; x_wconf 81' lang='lat'>5</span> <span class='ocrx_word' id='word_1_220' title='bbox 292 2955 366 3007; x_wconf 91' lang='lat' dir='ltr'><strong>Py.</strong></span> <span class='ocrx_word' id='word_1_221' title='bbox 390 2960 556 3006; x_wconf 86' lang='lat' dir='ltr'><em>nuptan</em></span> <span class='ocrx_word' id='word_1_222' title='bbox 577 2959 636 2994; x_wconf 88' lang='lat' dir='ltr'><strong>est</strong></span> <span class='ocrx_word' id='word_1_223' title='bbox 656 2966 714 2992; x_wconf 86' lang='lat' dir='ltr'><strong>an</strong></span> <span class='ocrx_word' id='word_1_224' title='bbox 736 2951 903 2992; x_wconf 78' lang='lat' dir='ltr'><em>vidua?</em></span> <span class='ocrx_word' id='word_1_225' title='bbox 935 2952 1009 2991; x_wconf 85' lang='lat' dir='ltr'><strong>Pa.</strong></span> 
     </span>
     <span class='ocr_line' id='line_1_49' title="bbox 185 3009 599 3064; baseline -0.01 -12"><span class='ocrx_word' id='word_1_226' title='bbox 185 3018 224 3052; x_wconf 89' lang='lat' dir='ltr'><strong>et</strong></span> <span class='ocrx_word' id='word_1_227' title='bbox 242 3016 377 3064; x_wconf 76' lang='lat' dir='ltr'><em>nupta</em></span> <span class='ocrx_word' id='word_1_228' title='bbox 398 3016 436 3050; x_wconf 91' lang='lat' dir='ltr'><strong>et</strong></span> <span class='ocrx_word' id='word_1_229' title='bbox 455 3009 599 3050; x_wconf 79' lang='lat' dir='ltr'><em>vidua.</em></span> 
     </span>
    </p>
   </div>
   <div class='ocr_carea' id='block_1_21' title="bbox 1091 1822 1935 3059">
    <p class='ocr_par' dir='ltr' id='par_1_25' title="bbox 1091 1822 1935 2497">
     <span class='ocr_line' id='line_1_50' title="bbox 1157 1822 1932 1877; baseline 0.001 -14"><span class='ocrx_word' id='word_1_230' title='bbox 1157 1826 1248 1863; x_wconf 75' lang='lat'><strong>651.</strong></span> <span class='ocrx_word' id='word_1_231' title='bbox 1308 1825 1482 1863; x_wconf 66' lang='lat' dir='ltr'><strong>tamus</strong></span> <span class='ocrx_word' id='word_1_232' title='bbox 1519 1826 1689 1872; x_wconf 75' lang='lat' dir='ltr'><strong>taceas,</strong></span> <span class='ocrx_word' id='word_1_233' title='bbox 1743 1827 1752 1843; x_wconf 95' lang='lat'>‘</span> <span class='ocrx_word' id='word_1_234' title='bbox 1768 1822 1932 1877; x_wconf 85' lang='lat' dir='ltr'>quietly</span> 
     </span>
     <span class='ocr_line' id='line_1_51' title="bbox 1100 1878 1931 1934; baseline 0.002 -16"><span class='ocrx_word' id='word_1_235' title='bbox 1100 1878 1212 1932; x_wconf 85' lang='lat' dir='ltr'><strong>keep</strong></span> <span class='ocrx_word' id='word_1_236' title='bbox 1245 1878 1390 1933; x_wconf 88' lang='lat' dir='ltr'><strong>quiet,&#39;</strong></span> <span class='ocrx_word' id='word_1_237' title='bbox 1412 1879 1570 1932; x_wconf 77' lang='lat' dir='ltr'><em>figura</em></span> <span class='ocrx_word' id='word_1_238' title='bbox 1601 1879 1863 1934; x_wconf 79' lang='lat' dir='ltr'><em>etymologica</em></span> <span class='ocrx_word' id='word_1_239' title='bbox 1885 1893 1931 1920; x_wconf 87' lang='lat' dir='ltr'><strong>as</strong></span> 
     </span>
     <span class='ocr_line' id='line_1_52' title="bbox 1100 1936 1935 1989; baseline 0.001 -14"><span class='ocrx_word' id='word_1_240' title='bbox 1100 1936 1232 1976; x_wconf 81' lang='lat' dir='ltr'><strong>nitide</strong></span> <span class='ocrx_word' id='word_1_241' title='bbox 1268 1936 1373 1976; x_wconf 86' lang='lat' dir='ltr'><em>nitet</em></span> <span class='ocrx_word' id='word_1_242' title='bbox 1401 1936 1528 1976; x_wconf 87' lang='lat' dir='ltr'><strong>Truc.</strong></span> <span class='ocrx_word' id='word_1_243' title='bbox 1563 1949 1658 1989; x_wconf 82' lang='lat'>354,</span> <span class='ocrx_word' id='word_1_244' title='bbox 1695 1936 1935 1976; x_wconf 83' lang='lat' dir='ltr'><strong>memoriter</strong></span> 
     </span>
     <span class='ocr_line' id='line_1_53' title="bbox 1100 1991 1928 2046; baseline 0.001 -15"><span class='ocrx_word' id='word_1_245' title='bbox 1100 1993 1343 2032; x_wconf 82' lang='lat' dir='ltr'><strong>meminisse</strong></span> <span class='ocrx_word' id='word_1_246' title='bbox 1360 1991 1487 2045; x_wconf 88' lang='lat' dir='ltr'><strong>Capt.</strong></span> <span class='ocrx_word' id='word_1_247' title='bbox 1512 2004 1608 2044; x_wconf 78' lang='lat'><strong>250,</strong></span> <span class='ocrx_word' id='word_1_248' title='bbox 1630 1999 1807 2046; x_wconf 82' lang='lat' dir='ltr'><strong>propere</strong></span> <span class='ocrx_word' id='word_1_249' title='bbox 1830 1999 1928 2046; x_wconf 85' lang='lat' dir='ltr'><strong>pro-</strong></span> 
     </span>
     <span class='ocr_line' id='line_1_54' title="bbox 1092 2048 1925 2102; baseline 0.002 -14"><span class='ocrx_word' id='word_1_250' title='bbox 1092 2055 1220 2102; x_wconf 76' lang='lat' dir='ltr'><strong>peras</strong></span> <span class='ocrx_word' id='word_1_251' title='bbox 1249 2049 1376 2090; x_wconf 87' lang='lat' dir='ltr'><strong>Cure.</strong></span> <span class='ocrx_word' id='word_1_252' title='bbox 1402 2062 1423 2101; x_wconf 85' lang='lat'>5</span> <span class='ocrx_word' id='word_1_253' title='bbox 1431 2063 1452 2101; x_wconf 79' lang='lat'>3</span> <span class='ocrx_word' id='word_1_254' title='bbox 1459 2059 1496 2100; x_wconf 78' lang='lat'><strong>5,</strong></span> <span class='ocrx_word' id='word_1_255' title='bbox 1519 2048 1657 2089; x_wconf 84' lang='lat' dir='ltr'><em>valide</em></span> <span class='ocrx_word' id='word_1_256' title='bbox 1676 2048 1789 2089; x_wconf 86' lang='lat' dir='ltr'><strong>valet</strong></span> <span class='ocrx_word' id='word_1_257' title='bbox 1810 2049 1925 2090; x_wconf 89' lang='lat' dir='ltr'><strong>Pers.</strong></span> 
     </span>
     <span class='ocr_line' id='line_1_55' title="bbox 1101 2104 1931 2159; baseline 0 -13"><span class='ocrx_word' id='word_1_258' title='bbox 1101 2105 1208 2157; x_wconf 83' lang='lat'><strong>426;</strong></span> <span class='ocrx_word' id='word_1_259' title='bbox 1246 2105 1328 2145; x_wconf 87' lang='lat' dir='ltr'><strong>and</strong></span> <span class='ocrx_word' id='word_1_260' title='bbox 1372 2118 1427 2145; x_wconf 87' lang='lat' dir='ltr'><strong>on</strong></span> <span class='ocrx_word' id='word_1_261' title='bbox 1468 2105 1542 2145; x_wconf 89' lang='lat' dir='ltr'><strong>the</strong></span> <span class='ocrx_word' id='word_1_262' title='bbox 1572 2118 1689 2145; x_wconf 85' lang='lat' dir='ltr'><strong>same</strong></span> <span class='ocrx_word' id='word_1_263' title='bbox 1720 2104 1931 2159; x_wconf 85' lang='lat' dir='ltr'><strong>principle</strong></span> 
     </span>
     <span class='ocr_line' id='line_1_56' title="bbox 1099 2161 1923 2216; baseline 0.002 -16"><span class='ocrx_word' id='word_1_264' title='bbox 1099 2162 1344 2201; x_wconf 76' lang='lat' dir='ltr'><strong>servitutem</strong></span> <span class='ocrx_word' id='word_1_265' title='bbox 1374 2161 1549 2208; x_wconf 82' lang='lat' dir='ltr'><strong>servire,</strong></span> <span class='ocrx_word' id='word_1_266' title='bbox 1566 2162 1766 2215; x_wconf 83' lang='lat' dir='ltr'><strong>pietatem</strong></span> <span class='ocrx_word' id='word_1_267' title='bbox 1785 2162 1923 2216; x_wconf 83' lang='lat' dir='ltr'><strong>piare,</strong></span> 
     </span>
     <span class='ocr_line' id='line_1_57' title="bbox 1091 2217 1929 2271; baseline 0.002 -15"><span class='ocrx_word' id='word_1_268' title='bbox 1091 2219 1338 2271; x_wconf 77' lang='lat' dir='ltr'><strong>prandium</strong></span> <span class='ocrx_word' id='word_1_269' title='bbox 1355 2217 1580 2271; x_wconf 79' lang='lat' dir='ltr'><strong>prandere,</strong></span> <span class='ocrx_word' id='word_1_270' title='bbox 1595 2218 1809 2271; x_wconf 83' lang='lat' dir='ltr'><em>gaudium</em></span> <span class='ocrx_word' id='word_1_271' title='bbox 1820 2231 1929 2271; x_wconf 79' lang='lat' dir='ltr'><em>gau-</em></span> 
     </span>
     <span class='ocr_line' id='line_1_58' title="bbox 1099 2274 1929 2323; baseline 0.001 -10"><span class='ocrx_word' id='word_1_272' title='bbox 1099 2274 1207 2323; x_wconf 76' lang='lat' dir='ltr'><strong>dere,</strong></span> <span class='ocrx_word' id='word_1_273' title='bbox 1232 2288 1376 2314; x_wconf 82' lang='lat' dir='ltr'><strong>cenam</strong></span> <span class='ocrx_word' id='word_1_274' title='bbox 1405 2288 1567 2323; x_wconf 80' lang='lat' dir='ltr'><strong>cenare,</strong></span> <span class='ocrx_word' id='word_1_275' title='bbox 1589 2275 1803 2315; x_wconf 87' lang='lat' dir='ltr'><em>somnium</em></span> <span class='ocrx_word' id='word_1_276' title='bbox 1824 2288 1929 2314; x_wconf 86' lang='lat' dir='ltr'><strong>som·</strong></span> 
     </span>
     <span class='ocr_line' id='line_1_59' title="bbox 1101 2330 1928 2378; baseline 0.002 -9"><span class='ocrx_word' id='word_1_277' title='bbox 1101 2331 1235 2378; x_wconf 63' lang='lat' dir='ltr'><em>niam,</em></span> <span class='ocrx_word' id='word_1_278' title='bbox 1254 2330 1401 2371; x_wconf 85' lang='lat' dir='ltr'><em>turbas</em></span> <span class='ocrx_word' id='word_1_279' title='bbox 1415 2331 1603 2376; x_wconf 85' lang='lat' dir='ltr'><strong>turbare,</strong></span> <span class='ocrx_word' id='word_1_280' title='bbox 1622 2330 1759 2370; x_wconf 83' lang='lat' dir='ltr'><em>vitam</em></span> <span class='ocrx_word' id='word_1_281' title='bbox 1776 2331 1928 2378; x_wconf 83' lang='lat' dir='ltr'><strong>vivere,</strong></span> 
     </span>
     <span class='ocr_line' id='line_1_60' title="bbox 1100 2386 1927 2436; baseline 0.001 -9"><span class='ocrx_word' id='word_1_282' title='bbox 1100 2388 1308 2427; x_wconf 76' lang='lat' dir='ltr'><em>vomitum</em></span> <span class='ocrx_word' id='word_1_283' title='bbox 1331 2401 1506 2436; x_wconf 85' lang='lat' dir='ltr'><strong>vomere,</strong></span> <span class='ocrx_word' id='word_1_284' title='bbox 1528 2388 1619 2428; x_wconf 60' lang='lat' dir='ltr'><strong>&amp;a</strong></span> <span class='ocrx_word' id='word_1_285' title='bbox 1679 2386 1822 2428; x_wconf 84' lang='lat' dir='ltr'><strong>These</strong></span> <span class='ocrx_word' id='word_1_286' title='bbox 1842 2387 1927 2428; x_wconf 89' lang='lat' dir='ltr'><strong>and</strong></span> 
     </span>
     <span class='ocr_line' id='line_1_61' title="bbox 1100 2442 1766 2497; baseline -0.003 -14"><span class='ocrx_word' id='word_1_287' title='bbox 1100 2443 1244 2484; x_wconf 82' lang='lat' dir='ltr'><strong>others</strong></span> <span class='ocrx_word' id='word_1_288' title='bbox 1266 2443 1309 2484; x_wconf 90' lang='lat' dir='ltr'><strong>in</strong></span> <span class='ocrx_word' id='word_1_289' title='bbox 1333 2443 1431 2483; x_wconf 83' lang='lat' dir='ltr'><strong>Brix</strong></span> <span class='ocrx_word' id='word_1_290' title='bbox 1453 2456 1510 2484; x_wconf 89' lang='lat' dir='ltr'><strong>on</strong></span> <span class='ocrx_word' id='word_1_291' title='bbox 1532 2442 1651 2483; x_wconf 90' lang='lat' dir='ltr'><strong>Trin.</strong></span> <span class='ocrx_word' id='word_1_292' title='bbox 1669 2457 1766 2497; x_wconf 84' lang='lat'>30²·</span> 
     </span>
    </p>

    <p class='ocr_par' dir='ltr' id='par_1_26' title="bbox 1102 2498 1931 2666">
     <span class='ocr_line' id='line_1_62' title="bbox 1157 2498 1931 2552; baseline -0.001 -12"><span class='ocrx_word' id='word_1_293' title='bbox 1157 2504 1249 2540; x_wconf 81' lang='lat'><strong>653.</strong></span> <span class='ocrx_word' id='word_1_294' title='bbox 1301 2502 1422 2549; x_wconf 85' lang='lat' dir='ltr'><strong>quod</strong></span> <span class='ocrx_word' id='word_1_295' title='bbox 1446 2510 1586 2545; x_wconf 70' lang='lat' dir='ltr'><strong>amen,</strong></span> <span class='ocrx_word' id='word_1_296' title='bbox 1609 2498 1662 2540; x_wconf 88' lang='lat' dir='ltr'><strong>cs.</strong></span> <span class='ocrx_word' id='word_1_297' title='bbox 1682 2498 1797 2552; x_wconf 86' lang='lat' dir='ltr'><em>quod</em></span> <span class='ocrx_word' id='word_1_298' title='bbox 1809 2506 1931 2539; x_wconf 87' lang='lat' dir='ltr'><em>amat</em></span> 
     </span>
     <span class='ocr_line' id='line_1_63' title="bbox 1109 2553 1928 2608; baseline 0 -12"><span class='ocrx_word' id='word_1_299' title='bbox 1109 2573 1146 2590; x_wconf 92' lang='lat'><strong><em>=</em></strong></span> <span class='ocrx_word' id='word_1_300' title='bbox 1164 2557 1258 2597; x_wconf 90' lang='lat' dir='ltr'><strong>‘the</strong></span> <span class='ocrx_word' id='word_1_301' title='bbox 1278 2556 1461 2597; x_wconf 88' lang='lat' dir='ltr'><strong>beloved</strong></span> <span class='ocrx_word' id='word_1_302' title='bbox 1483 2553 1656 2608; x_wconf 89' lang='lat' dir='ltr'><strong>object.&#39;</strong></span> <span class='ocrx_word' id='word_1_303' title='bbox 1694 2555 1814 2596; x_wconf 84' lang='lat' dir='ltr'><strong>Trin.</strong></span> <span class='ocrx_word' id='word_1_304' title='bbox 1832 2569 1928 2606; x_wconf 81' lang='lat'><strong>242,</strong></span> 
     </span>
     <span class='ocr_line' id='line_1_64' title="bbox 1102 2612 1458 2666; baseline -0.006 -14"><span class='ocrx_word' id='word_1_305' title='bbox 1102 2613 1238 2653; x_wconf 91' lang='lat' dir='ltr'><strong>Merc.</strong></span> <span class='ocrx_word' id='word_1_306' title='bbox 1265 2623 1358 2666; x_wconf 80' lang='lat'>733,</span> <span class='ocrx_word' id='word_1_307' title='bbox 1381 2612 1458 2653; x_wconf 85' lang='lat' dir='ltr'><strong>&amp;c.</strong></span> 
     </span>
    </p>

    <p class='ocr_par' dir='ltr' id='par_1_27' title="bbox 1096 2665 1931 3059">
     <span class='ocr_line' id='line_1_65' title="bbox 1156 2665 1926 2720; baseline -0.001 -12"><span class='ocrx_word' id='word_1_308' title='bbox 1156 2671 1289 2709; x_wconf 81' lang='lat' dir='ltr'><strong>domi.</strong></span> <span class='ocrx_word' id='word_1_309' title='bbox 1348 2667 1414 2709; x_wconf 83' lang='lat' dir='ltr'><strong>Cf.</strong></span> <span class='ocrx_word' id='word_1_310' title='bbox 1437 2667 1594 2708; x_wconf 90' lang='lat' dir='ltr'><strong>Bacch.</strong></span> <span class='ocrx_word' id='word_1_311' title='bbox 1623 2679 1701 2720; x_wconf 82' lang='lat'><strong>225</strong></span> <span class='ocrx_word' id='word_1_312' title='bbox 1733 2665 1926 2720; x_wconf 86' lang='lat' dir='ltr'><em>(aurum)</em></span> 
     </span>
     <span class='ocr_line' id='line_1_66' title="bbox 1098 2725 1927 2778; baseline 0 -14"><span class='ocrx_word' id='word_1_313' title='bbox 1098 2726 1274 2764; x_wconf 81' lang='lat' dir='ltr'><em>domist:</em></span> <span class='ocrx_word' id='word_1_314' title='bbox 1307 2738 1392 2764; x_wconf 88' lang='lat' dir='ltr'><strong>non</strong></span> <span class='ocrx_word' id='word_1_315' title='bbox 1435 2730 1568 2764; x_wconf 81' lang='lat' dir='ltr'><strong>metuo</strong></span> <span class='ocrx_word' id='word_1_316' title='bbox 1608 2737 1680 2763; x_wconf 87' lang='lat' dir='ltr'><strong>nec</strong></span> <span class='ocrx_word' id='word_1_317' title='bbox 1710 2737 1779 2777; x_wconf 78' lang='lat' dir='ltr'><strong>egv</strong></span> <span class='ocrx_word' id='word_1_318' title='bbox 1809 2725 1927 2778; x_wconf 88' lang='lat' dir='ltr'><em>quoi-</em></span> 
     </span>
     <span class='ocr_line' id='line_1_67' title="bbox 1099 2780 1926 2835; baseline 0 -15"><span class='ocrx_word' id='word_1_319' title='bbox 1099 2795 1229 2835; x_wconf 80' lang='lat' dir='ltr'><em>quam</em></span> <span class='ocrx_word' id='word_1_320' title='bbox 1250 2781 1446 2835; x_wconf 80' lang='lat' dir='ltr'><strong>supplico,</strong></span> <span class='ocrx_word' id='word_1_321' title='bbox 1467 2780 1526 2820; x_wconf 93' lang='lat' dir='ltr'><strong>ib.</strong></span> <span class='ocrx_word' id='word_1_322' title='bbox 1544 2780 1624 2831; x_wconf 91' lang='lat'><strong>887</strong></span> <span class='ocrx_word' id='word_1_323' title='bbox 1647 2781 1688 2820; x_wconf 82' lang='lat' dir='ltr'><strong>si</strong></span> <span class='ocrx_word' id='word_1_324' title='bbox 1703 2780 1818 2820; x_wconf 83' lang='lat' dir='ltr'><em>tibist</em></span> <span class='ocrx_word' id='word_1_325' title='bbox 1837 2794 1926 2820; x_wconf 86' lang='lat' dir='ltr'><strong>ma-</strong></span> 
     </span>
     <span class='ocr_line' id='line_1_68' title="bbox 1099 2836 1926 2886; baseline -0.001 -9"><span class='ocrx_word' id='word_1_326' title='bbox 1099 2838 1265 2886; x_wconf 77' lang='lat' dir='ltr'><strong>chaera,</strong></span> <span class='ocrx_word' id='word_1_327' title='bbox 1310 2843 1357 2877; x_wconf 87' lang='lat' dir='ltr'><strong>at</strong></span> <span class='ocrx_word' id='word_1_328' title='bbox 1395 2837 1511 2878; x_wconf 86' lang='lat' dir='ltr'><em>nobis</em></span> <span class='ocrx_word' id='word_1_329' title='bbox 1548 2836 1770 2876; x_wconf 82' lang='lat' dir='ltr'><strong>veruinast</strong></span> <span class='ocrx_word' id='word_1_330' title='bbox 1799 2837 1926 2876; x_wconf 87' lang='lat' dir='ltr'><em>domi.</em></span> 
     </span>
     <span class='ocr_line' id='line_1_69' title="bbox 1101 2892 1931 2947; baseline -0.001 -13"><span class='ocrx_word' id='word_1_331' title='bbox 1101 2894 1255 2934; x_wconf 91' lang='lat' dir='ltr'><strong>Hence</strong></span> <span class='ocrx_word' id='word_1_332' title='bbox 1275 2893 1393 2934; x_wconf 80' lang='lat' dir='ltr'><em>domi</em></span> <span class='ocrx_word' id='word_1_333' title='bbox 1409 2907 1609 2947; x_wconf 82' lang='lat' dir='ltr'><strong>quaerere</strong></span> <span class='ocrx_word' id='word_1_334' title='bbox 1628 2906 1676 2934; x_wconf 93' lang='lat' dir='ltr'><strong>or</strong></span> <span class='ocrx_word' id='word_1_335' title='bbox 1693 2892 1931 2946; x_wconf 84' lang='lat' dir='ltr'><strong>depromere</strong></span> 
     </span>
     <span class='ocr_line' id='line_1_70' title="bbox 1101 2948 1924 3003; baseline 0.002 -13"><span class='ocrx_word' id='word_1_336' title='bbox 1101 2952 1132 3000; x_wconf 91' lang='lat'><strong>)(</strong></span> <span class='ocrx_word' id='word_1_337' title='bbox 1150 2950 1270 3003; x_wconf 82' lang='lat' dir='ltr'><em>foris</em></span> <span class='ocrx_word' id='word_1_338' title='bbox 1303 2963 1514 3003; x_wconf 84' lang='lat' dir='ltr'><strong>quaerere,</strong></span> <span class='ocrx_word' id='word_1_339' title='bbox 1548 2962 1634 3002; x_wconf 90' lang='lat' dir='ltr'><strong>e.g.</strong></span> <span class='ocrx_word' id='word_1_340' title='bbox 1686 2948 1792 2990; x_wconf 85' lang='lat' dir='ltr'><strong>Cist.</strong></span> <span class='ocrx_word' id='word_1_341' title='bbox 1845 2963 1924 2992; x_wconf 82' lang='lat'><strong>202</strong></span> 
     </span>
     <span class='ocr_line' id='line_1_71' title="bbox 1096 3005 1931 3059; baseline 0 -13"><span class='ocrx_word' id='word_1_342' title='bbox 1096 3007 1208 3046; x_wconf 76' lang='lat' dir='ltr'><em>hanc</em></span> <span class='ocrx_word' id='word_1_343' title='bbox 1236 3020 1303 3059; x_wconf 81' lang='lat' dir='ltr'><strong>ego</strong></span> <span class='ocrx_word' id='word_1_344' title='bbox 1333 3006 1382 3046; x_wconf 89' lang='lat' dir='ltr'><strong>de</strong></span> <span class='ocrx_word' id='word_1_345' title='bbox 1410 3019 1474 3046; x_wconf 90' lang='lat' dir='ltr'><strong>me</strong></span> <span class='ocrx_word' id='word_1_346' title='bbox 1501 3006 1785 3046; x_wconf 83' lang='lat' dir='ltr'><strong>coniecturam</strong></span> <span class='ocrx_word' id='word_1_347' title='bbox 1813 3005 1931 3046; x_wconf 81' lang='lat' dir='ltr'><em>domi</em></span> 
     </span>
    </p>
   </div>
  </div>
 </body>
</html>
