2100 3326
894 641 1161 696 ACTVS
1218 641 1271 693 V

329 823 775 872 STRATIPPOCLES.

220 949 299 998 ST.

358 1031 463 1081 non
503 1031 626 1096 petit

221 1116 404 1179 Neque
443 1115 578 1164 illam
619 1115 829 1166 adducit
865 1132 995 1180 quae
1027 1118 1089 1165 ex
1121 1115 1310 1180 praeda
1341 1125 1577 1179 emptast.

359 1199 550 1249 incedit
592 1185 850 1264 Epidicus.

854 822 1128 870 EP1D1cvs.

1208 821 1472 868 DAleTA.
1549 820 1829 868 TELEsns,

379 948 519 998 Male
559 948 836 1012 morigerus
877 949 993 997 mist
1033 946 1249 1006 danista,
1304 947 1443 1011 quod
1489 963 1519 995 a
1565 962 1647 996 me
1691 955 1954 1010 argentum

1658 1115 1748 1164 sed
1781 1130 1957 1164 eccum

221 1284 363 1346 Quid
401 1283 520 1332 illuc
559 1295 648 1342 est,
689 1283 830 1348 quod
871 1284 936 1331 illi
978 1293 1183 1346 caperat
1223 1283 1360 1332 frons
1400 1280 1780 1332 severitudine?

222 1369 310 1416 ΕΡ.

361 1452 504 1516 piter,

389 1368 439 1418 Si
492 1368 731 1419 undecim
783 1369 909 1418 deos
960 1370 1156 1432 prae'ter
1206 1384 1318 1418 sese
1362 1369 1535 1417 secum
1581 1367 1805 1416 adducat
1844 1368 1964 1430 Iup·

1861 1451 1963 1498 610

223 1521 301 1585 ita
339 1553 445 1586 non
484 1553 662 1586 omnes
701 1538 762 1586 ex
801 1534 1026 1585 cruciatu
1065 1534 1305 1599 poterunt
1343 1534 1562 1585 eximere
1609 1519 1897 1599 Epidicum.

222 1620 559 1686 Periphanem
599 1637 769 1671 emere
807 1622 913 1670 lora
951 1620 1067 1670 vidi.

224 1707 377 1754 Nunc
416 1705 650 1755 homines
689 1721 770 1754 me
809 1704 1091 1768 quaeritare

225 1790 329 1840 Sibi
369 1790 487 1839 data
526 1806 636 1839 esse
670 1790 837 1839 verba.

644 1877 725 1926 ST.

284 2094 442 2135 SCENE
464 2107 476 2134 1
498 2091 771 2145 (607—665).
795 2093 1054 2146 Periphanes

226 2150 304 2191 has
325 2163 436 2204 gone
457 2150 500 2190 in
529 2160 571 2190 to
602 2150 703 2190 look
733 2149 796 2189 for
829 2149 1049 2202 Epidicus.

229 2207 537 2261 Stratippocles
559 2220 700 2246 comes
725 2214 796 2246 out
829 2206 1054 2259 impatient

227 2264 408 2304 because
431 2263 501 2303 the
526 2263 604 2316 girl
633 2262 739 2302 from
774 2262 946 2302 Thebes
977 2262 1053 2302 has

228 2329 302 2360 not
340 2320 519 2360 arrived.
592 2319 658 2359 To
693 2319 783 2358 him
816 2327 935 2358 enter
966 2318 1055 2358 first

230 2376 450 2430 Epidicus,
475 2376 575 2416 then
597 2375 668 2416 the
689 2389 835 2416 usurer
858 2375 960 2415 with
983 2374 1055 2416 the

230 2433 310 2486 girl
332 2432 526 2473 Telestis.

288 2493 378 2529 607.
440 2491 559 2528 male
600 2490 869 2534 morigerus,
927 2489 1057 2540 ‘very

230 2545 521 2598 disobliging.'
583 2544 706 2584 Cure.
752 2542 827 2598 169
858 2543 966 2584 male
999 2544 1062 2583 mi

234 2600 505 2652 morigeru’s:
536 2607 632 2640 tace.

289 2663 379 2699 608.
441 2667 607 2702 eccum,
631 2670 668 2697 v.
698 2655 790 2708 563.

289 2719 380 2755 609.
442 2716 552 2762 quid
583 2715 693 2753 mue
717 2716 801 2762 est,
829 2715 962 2762 quod,
989 2726 1057 2750 w.

238 2769 318 2823 560
339 2770 423 2810 and
443 2783 535 2822 570.

290 2830 492 2875 caperat,
557 2825 616 2866 ‘is
666 2823 910 2865 wrinkled.’
1000 2824 1059 2865 So

220 2883 372 2936 fronte
398 2887 603 2936 caperata,
629 2881 791 2935 quoted
817 2880 986 2921 Nonius
1011 2894 1052 2934 p.

237 2953 331 2992 204,
362 2945 603 2993 caperatum
634 2937 907 2991 supercilium
939 2939 1056 2991 App.

238 2997 301 3036 M.
323 3009 366 3049 9,
391 3009 433 3049 p.
457 3009 553 3046 2²4·

806 1875 945 1937 Quid
984 1873 1103 1939 agis,

1146 1619 1215 1669 ibi
1253 1619 1427 1669 aderat
1467 1636 1568 1668 una
1608 1618 1915 1684 Apoecides.

1137 1703 1306 1753 credo,
1383 1706 1666 1763 senserunt,
1707 1701 1889 1764 sciunt,

1145 1875 1260 1923 mea
1297 1871 1662 1922 conmoditas?

1415 1958 1505 2006 ΕΡ.
1585 1955 1744 2019 Quod
1795 1956 1961 2006 miser.

1195 2096 1286 2132 610.
1338 2093 1560 2132 s1=etiam
1581 2093 1632 2142 si,
1662 2094 1788 2133 ‘even
1804 2091 1863 2138 if‚’
1881 2092 1966 2132 and

1139 2161 1186 2189 so
1208 2149 1323 2188 often
1346 2149 1389 2188 in
1417 2148 1604 2188 Plautus.
1671 2148 1787 2190 ‘The
1818 2149 1967 2189 eleven

1138 2205 1247 2258 gods
1268 2205 1436 2245 besides
1457 2204 1635 2246 himself
1637 2203 1646 2221 '
1659 2221 1696 2239 =
1715 2205 1788 2245 the
1813 2205 1965 2246 twelve

1138 2269 1256 2315 great
1277 2261 1399 2314 gods.

1187 2319 1401 2358 adducat.
1413 2351 1419 2357 .
1431 2321 1675 2366 ‚poterunt
1698 2317 1793 2358 The
1804 2317 1969 2371 change

1141 2381 1186 2414 to
1207 2374 1278 2414 the
1302 2373 1539 2414 Indicative
1561 2374 1596 2414 is
1622 2373 1738 2414 vivid
1765 2374 1849 2414 and
1880 2374 1967 2428 pic·

1142 2439 1354 2483 turesque,
1379 2429 1432 2471 cf.
1457 2430 1551 2470 Mil.
1576 2428 1653 2483 763
1675 2429 1967 2470 haudcenten·

1141 2500 1310 2526 sumam
1337 2492 1506 2540 partem
1537 2486 1637 2526 dixi
1661 2492 1798 2540 atque,
1832 2486 1968 2526 otium

1145 2543 1258 2583 mihi
1282 2544 1323 2582 si
1345 2543 1415 2593 sit,
1435 2549 1606 2596 possum
1636 2549 1884 2596 expromere,
1907 2542 1963 2582 ib.

1144 2599 1224 2653 803
1247 2613 1332 2639 non
1344 2600 1488 2653 potuit
1506 2599 1696 2652 reperire,
1720 2599 1760 2638 si
1777 2599 1863 2651 ipsi
1880 2599 1974 2639 Soli

1143 2655 1418 2709 quaerundas
1446 2655 1584 2705 dares,
1610 2654 1828 2708 lepidiores
1845 2654 1966 2703 duas,

1146 2712 1266 2752 Men.
1287 2711 1368 2764 760
1388 2725 1494 2765 quas
1513 2711 1554 2751 si
1572 2717 1793 2750 autumem
1813 2712 1965 2760 omnis,

1145 2768 1280 2808 nimis
1300 2768 1451 2821 longus
1469 2774 1654 2816 sermost,
1684 2767 1811 2808 Truc.
1840 2781 1917 2819 140
1936 2768 1976 2807 sz'

1145 2838 1233 2864 rem
1263 2837 1489 2864 servassem
1500 2823 1606 2877 fuit
1635 2822 1711 2863 ubi
1740 2824 1974 2876 negotiosus

1146 2894 1285 2920 essem.

1204 2941 1295 2977 611.
1354 2938 1423 2977 ita
1441 2945 1642 2976 nonzne
1661 2935 1722 2976 ita
1742 2935 1924 2989 quidem.

1203 2997 1291 3034 614.
1371 2994 1670 3034 comedim-s.
1735 2991 1852 3032 Men.
1895 3005 1968 3044 141
