2100 3326
192 107 256 155 62
365 66 369 70 ⁵
918 101 1064 151 PLA
1083 101 1216 150 VTJ

197 242 334 290 Dum
374 242 478 290 rem
517 237 743 288 divinam
783 237 987 288 faceret.

1441 96 1630 168 [1114‚
1660 114 1935 166 501—513

835 324 922 371 PE.
1001 322 1187 371 Fateor
1225 336 1306 370 me
1345 316 1575 369 omniurn

197 409 488 459 Hominum
526 410 637 458 esse
676 406 895 456 Athenis
934 392 1119 455 Atticis
1159 404 1377 454 minum(
1415 402 1558 469 preti.

194 493 295 543 Sed
336 496 388 541 tt‘l
430 491 651 540 novistin
692 489 955 540 fidicinam
996 488 1475 553 Acropolistidem?

197 579 271 626 F1.
349 579 478 625 Tam
519 575 666 625 facile
704 591 859 637 quarn
901 591 996 624 me.

842 663 928 710 PE.
1007 659 1109 709 Vbi
1149 658 1386 708 habitat?

192 829 294 879 Vbi
334 829 530 880 habitet
569 828 739 880 dicere
777 828 1061 879 admodum
1102 828 1293 879 incerte
1332 828 1454 879 scio.

1236 746 1310 794 F1.
1390 746 1672 808 Postquam
1712 744 1918 794 liberast

1837 844 1934 894 505

193 919 282 966 PE.
363 917 493 976 Eho,
532 933 598 965 an
640 917 796 965 libera
835 915 1005 965 illast?
1048 917 1162 980 quis
1200 932 1314 965 eam
1353 913 1654 973 liberaverit,

191 1001 329 1049 Volo
367 1001 494 1050 scire
533 999 572 1047 si
612 998 724 1048 scis.

544 1085 618 1132 F1.
701 1069 760 1131 I'd
800 1083 942 1147 quod
981 1081 1170 1142 audivi,
1210 1082 1422 1133 audies:

189 1170 589 1233 Stratippoclem
629 1169 789 1226 aiunt,
831 1166 1136 1232 Periphanai
1175 1168 1353 1226 silium,

192 1254 475 1302 Absentem
518 1253 775 1301 curavisse
817 1264 868 1300 ut
910 1252 1052 1301 fieret
1091 1251 1263 1300 libera.

194 1340 285 1387 PE.
363 1336 493 1386 Perii
534 1337 717 1394 hercle,
759 1334 797 1384 si
839 1336 996 1385 istaec
1034 1337 1151 1385 vera
1189 1345 1321 1395 sunt,
1362 1335 1692 1399 planissume.

1840 1349 1941 1400 510

195 1425 372 1472 Meum
412 1422 725 1471 exenteravit
765 1406 1016 1484 Epidicus
1056 1418 1421 1484 marsuppium.

193 1508 269 1556 F1.
351 1509 500 1556 Haec
539 1507 611 1555 sic
650 1504 836 1555 audivi.

914 1504 1170 1569 numquid
1209 1521 1291 1554 me
1330 1503 1404 1553 vis
1442 1505 1708 1555 ceterum?

193 1595 282 1642 ΡΕ.
362 1593 506 1642 Malo
545 1589 771 1642 cruciatu
812 1602 866 1640 ut
906 1592 1083 1655 pereas
1122 1601 1278 1655 atque
1315 1588 1471 1640 abeas
1510 1589 1626 1639 cito.

247 1749 339 1786 502.
389 1747 578 1784 Athenis
598 1746 775 1783 Atticm.
815 1743 908 1783 'l'he
930 1742 1016 1794 adj.

192 1801 228 1842 is
270 1801 360 1841 also
404 1801 533 1841 found
575 1800 728 1841 Pseud.
766 1798 863 1850 416,
905 1800 1017 1839 Rud.

196 1871 290 1910 741,
332 1858 425 1897 Mil.
471 1871 558 1904 100,
595 1857 721 1897 Truc.
757 1856 849 1909 496.
920 1857 1018 1896 Brix

189 1928 285 1967 says
316 1914 387 1954 the
417 1927 565 1954 reason
598 1914 632 1953 is
660 1913 749 1953 that
783 1913 902 1953 there
934 1927 1019 1953 was

190 1985 244 2012 an
267 1971 434 2011 Athens
457 1972 498 2010 in
524 1971 701 2011 Boeotia
727 1970 810 2009 and
839 1969 1020 2009 another

190 2028 233 2068 in
258 2028 450 2067 Euboea.
513 2027 593 2067 But
609 2027 818 2080 probably
841 2026 912 2066 the
931 2026 1017 2079 epi-

191 2085 280 2125 thet
322 2084 357 2124 is
394 2083 550 2135 merely
587 2082 905 2132 conventional,
949 2083 1017 2122 ‘in

191 2141 275 2182 this
300 2141 465 2180 Athens
487 2139 535 2180 os
551 2153 662 2179 ours.
670 2139 678 2154 ‘

248 2202 341 2237 504.
399 2201 497 2237 tam
518 2199 651 2236 saeue
673 2206 811 2244 quam
833 2206 919 2244 me,
954 2198 1019 2236 ‘as

192 2253 289 2294 well
311 2267 356 2294 as
381 2253 399 2292 I
424 2253 551 2292 know
579 2267 670 2305 mys
652 2252 761 2301 s,’elf
793 2252 912 2292 Trin.
936 2265 1016 2315 913

191 2310 275 2351 Ch.
298 2310 394 2350 vide
412 2324 487 2350 ηιοι
489 2310 527 2349 1¹0
543 2310 594 2349 lu
586 2311 751 2348 ’'mmem
770 2316 819 2348 ut
838 2323 936 2349 nov
933 2323 1018 2348 ’νυ-

193 2368 267 2420 Sy.
289 2373 378 2406 tam
401 2380 528 2419 quam
552 2379 626 2405 me.

246 2427 491 2472 postquam
538 2425 744 2462 liberast..
827 2421 1020 2462 Historic

191 2488 361 2533 present
403 2479 438 2519 is
473 2492 673 2519 common
709 2479 751 2518 in
785 2478 1018 2532 colloquial

190 2536 402 2590 language
417 2535 525 2576 after
532 2543 759 2589 postquam
777 2535 861 2574 and
878 2549 1018 2588 quom.

190 2593 311 2633 Thus
333 2593 460 2646 Capt.
480 2595 558 2643 487
577 2598 797 2645 postquam
821 2592 936 2631 video
959 2605 1021 2631 me

187 2650 246 2689 sic
284 2649 563 2701 lmlt'fir·ar1'cr‚
600 2648 757 2689 Bacch.
797 2661 871 2700 531
905 2655 1016 2700 post-

188 2720 319 2759 quam
337 2706 486 2745 inanis
500 2719 611 2744 sum.
650 2704 788 2745 Other
800 2704 1019 2758 examples

191 2763 292 2802 Brix
314 2776 370 2802 on
393 2762 521 2815 Capt.
544 2774 607 2812 ²4-
661 2761 800 2801 There
822 2760 857 2800 is
878 2774 933 2800 an
954 2761 1016 2800 in-

190 2827 336 2860 stance
357 2817 466 2858 aster
485 2831 626 2871 quom,
649 2832 686 2858 v,
717 2830 811 2869 217.

245 2879 339 2915 505.
398 2877 656 2922 admodum,
702 2874 804 2914 with
847 2874 1013 2922 incerte,

189 2931 331 2971 which
353 2931 384 2971 it
406 2931 688 2984 strengthens.
756 2929 911 2970 Pseud.
935 2929 1015 2984 962

190 2989 238 3028 id
253 3002 322 3041 ego
341 2987 569 3027 admodum
591 2988 745 3028 incerte
760 2987 857 3026 scio.

1166 1746 1256 1783 506.
1321 1744 1420 1790 eho,
1459 1752 1534 1782 an.
1595 1741 1664 1784 Cf.
1698 1741 1818 1784 Trin.
1857 1755 1940 1799 934

1108 1799 1195 1843 eho
1217 1813 1275 1838 an
1297 1800 1424 1839 ettam
1454 1798 1662 1839 Aralnast
1691 1813 1740 1839 m
1770 1799 1942 1840 Ponto?

1114 1855 1268 1896 Bacch.
1295 1867 1375 1896 200
1403 1855 1490 1905 eho,
1514 1869 1574 1895 cm
1600 1856 1809 1897 mvem'sti
1830 1857 1938 1897 Bac·

1111 1913 1188 1952 ιΙιιι
1189 1914 1226 1952 lc
1231 1926 1289 1952 m.
1285 1912 1302 1941 Ρ

1167 1973 1256 2009 507.
1316 1971 1432 2008 seire
1466 1971 1507 2008 ⁸1
1541 1971 1644 2009 sels.
1707 1968 1862 2010 Pseud.
1887 1982 1936 2022 7²

1111 2026 1208 2065 haec
1220 2039 1327 2089 quae
1341 2040 1378 2077 eg
1375 2039 1409 2064 0
1419 2038 1520 2065 ,ει-ιω
1532 2033 1580 2065 tu
1591 2032 1639 2065 ut
1649 2025 1774 2066 scires
1783 2026 1942 2066 curavi

1110 2083 1274 2128 onmia,
1291 2081 1376 2121 and
1399 2094 1446 2121 so
1467 2081 1510 2122 in
1529 2082 1601 2122 the
1621 2089 1723 2123 next
1738 2091 1939 2124 sentence

1112 2139 1160 2178 id
1177 2152 1270 2192 qum
1261 2139 1292 2177 d
1307 2139 1464 2178 audi'm
1481 2138 1641 2179 audtes.

1164 2200 1257 2235 508.
1317 2197 1603 2245 Periphanai,
1655 2207 1703 2236 as
1750 2209 1847 2250 gen.
1896 2194 1947 2236 of

1113 2251 1373 2305 Periphanes
1394 2265 1508 2305 supr.
1535 2250 1628 2303 246.

1164 2313 1257 2349 511.
1317 2311 1619 2357 exenteravit,
1645 2321 1761 2362 supr.
1790 2310 1879 2360 185.

1165 2369 1258 2405 512.
1291 2367 1517 2413 numquid
1531 2374 1605 2404 me
1619 2367 1693 2405 vu
1707 2368 1941 2406 ceterum?

1112 2426 1214 2474 ‘you
1247 2420 1368 2461 don’t
1400 2429 1515 2461 want
1545 2420 1755 2476 anything
1785 2421 1873 2462 else
1897 2421 1948 2462 of

1110 2491 1190 2524 me,
1233 2479 1290 2518 do
1330 2476 1545 2530 you?‘—a
1585 2478 1718 2532 polite
1757 2477 1940 2518 formula

1110 2534 1256 2575 before
1269 2534 1439 2588 leaving
1451 2548 1474 2574 a
1489 2547 1658 2587 person,
1670 2547 1754 2587 e.g.
1773 2534 1938 2588 Amph.

1112 2604 1190 2642 54²
1225 2591 1446 2643 numquid
1466 2590 1566 2630 vis?
1625 2590 1711 2631 For
1745 2590 1817 2631 the
1837 2604 1937 2631 con-

1108 2648 1315 2688 struction
1331 2646 1384 2687 cf.
1412 2647 1535 2687 Asin.
1552 2647 1603 2699 87
1618 2660 1737 2687 nunc
1750 2647 1875 2687 verba
1889 2648 1939 2687 in

1105 2711 1244 2756 pauca
1267 2706 1480 2756 conseram
1511 2702 1619 2756 quid
1643 2709 1682 2743 te
1709 2704 1852 2751 velim,
1878 2703 1938 2744 ib.

1115 2773 1193 2815 109
1213 2761 1382 2813 siquid
1396 2765 1434 2800 te
1453 2759 1610 2806 volam,
1639 2759 1768 2813 Capt.
1790 2759 1873 2801 618
1903 2761 1944 2800 si

1107 2817 1291 2870 quidest
1319 2816 1436 2869 quod
1459 2829 1523 2856 me
1547 2816 1664 2865 velis,
1692 2816 1783 2856 &a
1844 2816 1940 2858 The

1107 2872 1189 2924 girl
1211 2872 1366 2925 speaks
1387 2871 1540 2926 pertly‚
1563 2872 1648 2912 and
1678 2872 1940 2927 Periphanes

1107 2929 1310 2970 becomes
1330 2942 1479 2982 angry.
