2100 3278
227 135 286 167 10
947 119 1092 168 PLA
1114 119 1245 168 VT]
1602 116 1650 187 [Ι
1687 136 1724 180 1,
1759 134 1962 185 25—30

220 254 323 301 ΤΗ.
404 253 491 301 Ius
531 250 673 300 dicis.

363 335 453 384 ΕΡ.
532 335 621 384 Me
661 333 825 384 decet.

605 419 708 466 ΤΗ.
789 418 898 466 Iam
928 427 980 466 tu
1008 426 1180 466 autern
1208 417 1359 467 n6bis
1386 416 1672 482 praeturam
1698 416 1858 483 geris?
1899 434 1956 483 ²5

221 505 310 553 ΕΡ.
391 502 558 565 Quem
612 502 752 551 dices
810 500 1095 564 digniorem
1160 516 1270 551 esse
1326 500 1589 550 hominem
1648 502 1747 552 hoc
1804 502 1959 553 hodie

359 585 575 636 Athenis
612 583 866 635 alterurn?

217 671 321 721 ΤΗ.
401 672 467 720 At
506 673 666 719 unum
705 686 734 718 a
775 667 1011 733 praetura
1050 678 1150 728 tua,
1195 667 1424 732 Epidice‚
1465 669 1624 719 abest.

219 921 448 972 Lictores
485 922 605 982 duo,
646 922 750 972 duo
791 920 1000 971 viminei
1040 922 1199 971 fasces
1237 920 1501 986 virgarum.

219 1091 321 1142 Sed
360 1090 487 1156 quid
525 1090 597 1140 ais
636 1094 734 1139 tu?

567 1175 668 1223 ΤΗ.

751 1172 890 1238 Quid
930 1172 1076 1238 rogas
1093 1175 1113 1222 ?

1275 753 1362 801 ΕΡ.
1443 751 1704 816 Quidnam
1722 755 1743 803 Ρ

1539 838 1641 886 TH.
1718 836 1856 888 Scies
1881 857 1889 886 :

1315 1007 1402 1054 ΕΡ.
1481 1007 1589 1056 Vae
1629 1005 1750 1056 tibi!

922 1260 1010 1308 ΕΡ.
1089 1259 1190 1309 Vbi
1229 1258 1368 1308 arma
1406 1270 1522 1309 sunt
1561 1259 1927 1326 Stratippocli?

215 1347 316 1394 ΤΗ.
400 1345 491 1395 Pol
531 1344 615 1394 illa
653 1345 719 1394 ad
759 1343 920 1394 hostis
960 1343 1348 1409 transfugerunt.

875 1431 964 1478 ΕΡ.
1043 1415 1306 1480 Ᾰτῐηειηεῗ

1061 1515 1164 1564 ΤΗ.
1243 1516 1415 1580 Atque
1454 1514 1694 1580 equidem
1734 1514 1852 1566 cito.
1893 1532 1958 1580 30

273 1638 335 1674 25.
399 1636 473 1674 lus
500 1636 626 1681 (11018,
651 1635 719 1675 i.e.
743 1649 914 1688 aequom
937 1649 1045 1681 oras
1131 1635 1258 1688 say?'
1301 1643 1345 1676 to
1392 1634 1447 1676 be
1495 1635 1807 1689 distinguished
1849 1635 1957 1677 from

217 1690 267 1730 cf.
306 1690 442 1731 Stich.
478 1704 571 1743 7²4-
636 1691 716 1731 But
760 1692 828 1731 ius
861 1692 1039 1731 dicere:
1130 1691 1238 1745 quui
1263 1693 1326 1732 ais
1360 1705 1399 1731 v.
1438 1705 1499 1744 17.
1569 1693 1692 1743 Quid
1715 1693 1782 1732 ais
1811 1698 1858 1732 tu
1888 1706 1959 1734 ex·

215 1747 305 1787 also
322 1754 386 1787 *to
401 1747 650 1788 administer
663 1747 849 1800 justice.'
895 1748 1047 1789 Hence

208 1809 414 1856 praetura
434 1805 586 1844 below.
638 1804 779 1845 There
797 1805 831 1845 is
845 1805 915 1845 the
929 1818 1046 1846 same

216 1860 470 1914 ambiguous
500 1874 547 1901 or
578 1861 738 1902 double
770 1863 970 1915 meaning
1003 1862 1044 1901 in

217 1917 337 1956 Trin.
370 1916 466 1957 1161
491 1917 567 1958 Ca.
625 1918 701 1957 lus
717 1918 783 1958 hic
796 1924 902 1958 orat.
965 1918 1042 1970 Ly.

216 1973 465 2026 Impetrabzt
476 1980 513 2014 te
524 1974 721 2014 advocato
734 1981 858 2028 atque
868 1974 1042 2014 arbitro.

271 2032 416 2076 nobts,
439 2030 524 2071 eth.
552 2030 640 2070 dat.

271 2090 336 2126 26.
396 2089 480 2127 hoc
521 2084 727 2128 δεικτικῶς
750 2104 787 2122 =
810 2101 890 2128 me.
968 2086 1035 2129 Cf.

214 2139 234 2182 o'
258 2142 361 2194 ἀνὴρ
383 2141 451 2182 ὅδε
473 2144 514 2183 in
539 2143 695 2184 Greek.

271 2203 337 2239 2⁷.
398 2199 640 2240 scies=1’ll
664 2199 738 2241 tell
761 2213 859 2253 you.

269 2259 334 2296 28.
394 2258 592 2297 nctores
658 2256 871 2310 Thesprio
915 2256 1044 2297 refers

214 2317 258 2351 to
289 2311 362 2352 the
389 2325 608 2366 scourgers
631 2321 675 2354 to
704 2313 789 2366 flog
819 2313 1040 2368 Epidicus.

215 2367 356 2409 There
395 2370 538 2409 would
579 2370 633 2410 be
674 2378 759 2410 two
801 2383 1036 2423 scourgers‚

214 2424 426 2465 therefore
442 2426 526 2465 duo
546 2426 707 2467 lictores
727 2425 842 2467 here.
907 2427 1041 2467 How-

214 2494 312 2522 ever
355 2481 515 2536 Ussing
556 2482 684 2523 refers
724 2490 768 2522 to
804 2482 895 2524 Cic.
936 2483 1041 2536 Leg.

213 2538 367 2590 Agrar.
393 2548 444 2578 11.
469 2552 535 2592 34.
559 2551 612 2593 93
633 2539 718 2579 and
742 2539 964 2580 Censorin.
987 2540 1043 2580 de

212 2602 301 2635 nat.
326 2608 393 2647 24.
418 2607 440 2647 3
464 2602 508 2635 to
529 2595 646 2636 shew
668 2595 760 2636 that
782 2595 854 2636 the
872 2603 1042 2650 praetor

213 2650 401 2692 urbanus
422 2651 507 2691 had
526 2659 612 2692 two
630 2651 776 2692 lictors
797 2651 912 2705 only.
956 2652 1043 2693 For

211 2706 283 2747 the
316 2714 402 2748 two
433 2721 654 2762 scourgers
688 2709 950 2761 (virgatores‚
983 2709 1039 2749 lo·

211 2764 344 2813 rarii)
365 2763 417 2805 cf.
447 2764 570 2805 Asin.
595 2777 645 2818 57
653 2779 674 2817 5
697 2765 861 2805 validos
881 2765 1042 2805 lictores

211 2819 361 2860 ulmeis
375 2820 551 2874 affectos
562 2821 690 2862 lentis
702 2822 853 2874 virgis,
867 2822 1042 2862 whence

212 2877 349 2918 Goetz
376 2890 582 2931 proposes
612 2878 743 2918 ulmei
770 2877 834 2918 for
862 2878 1048 2919 viminez'

210 2933 330 3030 hegg.
396 2992 507 3039 qum
522 2993 592 3031 als
607 2994 663 3031 tu
673 2994 694 3031 ‘2
727 2990 867 3031 ‘what
878 2990 935 3031 do
956 3003 1042 3044 you

1133 1762 1296 1802 presses
1326 1748 1512 1802 surprise
1552 1762 1599 1789 or
1637 1748 1737 1790 asks
1777 1748 1843 1789 sor
1877 1748 1958 1790 fur-

1132 1805 1225 1845 ther
1253 1805 1542 1846 insormation.
1605 1805 1736 1846 Most.
1766 1807 1869 1848 1018
1893 1805 1954 1847 Si.

1132 1861 1365 1915 Aumqutd
1395 1862 1437 1902 T
1431 1876 1559 1902 ramo
1586 1861 1816 1903 turbavit?
1873 1861 1959 1902 Th.

1131 1919 1270 1958 Immo
1283 1918 1528 1958 exturbavit
1543 1919 1703 1958 onmia.
1742 1919 1802 1960 Si.
1847 1918 1966 1970 Quid

1128 1981 1175 2014 tu
1206 1974 1304 2015 ais?
1363 1975 1444 2015 Th.
1510 1974 1624 2015 Haec
1647 1989 1711 2016 res
1739 1977 1798 2015 sic
1822 1981 1884 2016 est
1911 1982 1962 2016 ut

1131 2045 1265 2071 narro
1284 2031 1377 2071 tibi.

1187 2090 1498 2137 Stratippocli.
1579 2087 1757 2129 Plautus
1832 2087 1952 2129 osten

1128 2144 1256 2185 make
1270 2157 1386 2198 gens.
1409 2144 1452 2184 in
1468 2144 1499 2184 ·i
1516 2143 1625 2185 from
1641 2143 1786 2185 Greek
1801 2158 1959 2199 proper

1130 2214 1277 2241 names
1299 2201 1342 2242 in
1366 2214 1442 2242 -es.
1506 2200 1620 2241 Rud.
1644 2200 1697 2242 86
1718 2201 1960 2242 Alcumena

1128 2258 1351 2312 Euripidi.
1394 2257 1499 2298 ibid.
1523 2257 1604 2298 822
1623 2257 1716 2298 Hoc
1736 2257 1960 2298 Herculist

1131 2315 1234 2363 iam,
1292 2315 1461 2355 Veneris
1493 2313 1659 2368 sanum
1701 2314 1815 2368 quod
1845 2313 1959 2368 fuit.

1129 2370 1258 2424 Capt.
1295 2371 1375 2424 528
1406 2371 1441 2411 is
1474 2370 1629 2411 sodalis
1658 2370 1897 2411 Philocrati
1925 2377 1962 2411 et

1125 2434 1330 2480 cognatus
1347 2433 1417 2468 est.

1186 2488 1250 2524 30.
1302 2487 1442 2532 atque
1455 2485 1715 2532 equidem:
1726 2484 1795 2523 καὶ
1809 2484 1958 2529 ταῦτα,

1135 2540 1240 2580 ‘and
1282 2540 1374 2580 that
1414 2539 1518 2580 too-⁹
1578 2541 1721 2593 Atque
1763 2539 1798 2580 is
1837 2538 1958 2581 often

1129 2596 1435 2650 strengthened
1470 2596 1528 2649 by
1558 2596 1728 2650 quidem
1760 2609 1810 2637 or
1842 2596 1956 2650 equi·

1128 2653 1220 2693 dem
1256 2667 1303 2693 as
1342 2652 1458 2699 here,
1499 2665 1549 2692 or
1587 2652 1644 2706 by
1681 2652 1792 2693 adeo.
1859 2652 1956 2693 Mil.

1132 2708 1212 2764 369
1233 2711 1273 2749 A
1279 2716 1377 2762 tque
1391 2709 1458 2748 his
1477 2708 1650 2762 quidem
1664 2708 1798 2750 hercle
1813 2709 1956 2750 oculis.

1130 2766 1227 2806 Cas.
1255 2767 1332 2806 801
1365 2765 1530 2806 Esurio
1556 2764 1690 2805 hercle
1713 2770 1841 2819 atque
1857 2765 1958 2807 adeo

1129 2822 1252 2861 haud
1285 2821 1524 2862 salubriter.
1603 2821 1733 2862 Truc.
1768 2833 1849 2876 357
1882 2835 1956 2862 va-

1119 2879 1229 2932 pulo
1267 2878 1401 2918 hercle
1436 2890 1503 2932 ego
1542 2891 1659 2918 nunc
1696 2883 1824 2932 atque
1861 2878 1960 2919 adeo

1130 2935 1252 2975 male.
1313 2936 1454 2988 Atque
1502 2933 1753 2975 alone=xu2
1807 2935 1955 2974 ταῦτα.

1128 2990 1293 3044 Amph.
1332 2992 1408 3032 282
1448 2990 1579 3032 Credo
1610 2990 1749 3044 edepol
1770 2990 1956 3045 equidem
