2100 3326
224 146 287 193 68
940 144 1087 192 PLA
1106 144 1237 193 VT]
1471 139 1570 210 [IV
1605 158 1642 202 1,
1675 143 1947 207 558—566

224 278 310 326 PE.
391 262 501 341 Ego
540 293 684 325 sum:
726 278 888 325 salve!

618 362 712 407 PH.
791 358 936 409 Salva
975 376 1101 418 sum,
1143 358 1262 421 quia
1299 369 1348 408 te
1387 360 1496 408 esse
1536 359 1727 407 salvom
1767 354 1944 406 se'ntio.

225 445 314 491 PE.
390 443 536 493 Ce'do
576 459 799 490 manum.

432 529 527 575 PH.
604 526 826 590 Accipe!
867 528 1221 576 aerumnosam
1254 536 1302 575 et
1330 524 1643 575 miseriarum
1670 524 1945 588 conpotem

227 608 497 659 Mulierem
536 609 734 658 retines.

497 694 585 741 PE.
663 692 801 755 Quid
840 703 914 742 est
953 693 1093 756 quod
1131 693 1297 742 voltus
1335 693 1585 741 turbatust
1623 691 1777 740 tuos?
1852 691 1950 754 560

225 779 319 826 PH.
399 776 577 825 Filiam
617 793 770 840 quam
810 793 871 826 ex
909 778 956 826 te
997 776 1262 840 suscepi...

991 862 1078 908 PE.

227 1029 521 1080 Hostiumst
559 1031 734 1092 potita.

505 1114 590 1160 PE.

228 1195 383 1247 Domi
440 1213 583 1246 meae
641 1213 812 1245 eccam
871 1195 1061 1245 salvam
1123 1206 1173 1244 et
1235 1212 1423 1244 sanam.

363 1280 533 1329 audivi
572 1279 689 1328 ilico

671 1113 822 1161 Habe
861 1110 1085 1160 animum
1124 1113 1292 1161 le‘nem
1332 1121 1381 1161 et
1420 1109 1776 1174 tranquillum:

1156 859 1295 922 Quid
1335 860 1485 908 eam?

1253 946 1348 992 PH.
1427 944 1680 992 Eductam
1720 940 1952 1006 perdidi:

1824 1119 1951 1158 tace.

1500 1194 1618 1243 nam
1682 1204 1953 1258 postquam

229 1350 307 1413 Ex
345 1381 461 1413 meo
500 1380 643 1414 servo
682 1363 818 1412 illam
858 1365 966 1412 esse
1002 1374 1220 1427 captam,
1250 1361 1497 1412 continuo
1524 1365 1790 1427 argentum
1816 1360 1953 1421 dedi,

227 1431 294 1498 Vt
332 1459 581 1497 emeretur
603 1466 610 1494 :

659 1448 740 1496 ille
779 1463 891 1496 eam
930 1463 1036 1495 rem
1075 1446 1207 1495 adeo
1247 1445 1412 1495 sobrie
1451 1454 1501 1495 et
1546 1444 1800 1509 frugaliter
1856 1447 1952 1508 565

227 1519 520 1591 Adcuravit,
561 1535 615 1580 tit
653 1532 695 1579 is
732 1531 797 1580 ad
836 1530 957 1579 alias
996 1531 1072 1579 res
1112 1540 1187 1578 est
1226 1528 1439 1593 inpense
1478 1529 1738 1593 inprobus.

225 1723 336 1761 visti
373 1730 570 1767 gravem.
614 1719 742 1758 Truc.
781 1731 861 1772 519
904 1718 1056 1770 magni

228 1777 377 1817 dolom‘s
407 1790 516 1815 onus
538 1782 619 1828 per
647 1775 899 1827 voluptatem
931 1780 1050 1813 tuam

229 1833 452 1873 condidisti
472 1832 518 1871 in
540 1838 700 1884 corpus.

287 1894 376 1929 559.
451 1891 572 1937 cedo,
632 1887 749 1940 ‘give
800 1884 1052 1926 me’—used

233 1945 322 1986 also
344 1946 387 1984 in
410 1944 494 1985 2nd
517 1944 626 1997 plur.
651 1949 747 1983 cette
768 1941 939 1994 (cffdite).

288 2005 539 2050 conpotem.
625 1999 795 2039 Nonius
858 2012 900 2052 p.
970 1997 1051 2050 456

233 2064 453 2111 compotem
476 2057 524 2096 in
554 2055 702 2096 bonam
722 2062 890 2108 partem
917 2055 1052 2094 solum

233 2114 368 2167 accipi
397 2119 589 2165 putatur
628 2111 726 2164 (e.g.
774 2118 931 2163 compos
969 2112 1057 2150 voli

237 2169 346 2223 ὅθί.)
371 2183 465 2209 cum
494 2174 532 2209 et
558 2169 605 2208 in
633 2169 746 2207 mala
770 2169 953 2220 positum
981 2167 1051 2206 sit.

235 2226 303 2267 Cf.
341 2226 483 2278 culpae
526 2230 741 2277 compotem
789 2223 913 2263 Truc.
955 2225 1050 2276 835,

232 2283 391 2322 sceleris
412 2287 570 2334 compos
591 2282 739 2332 Quint.
762 2289 848 2320 XII.
878 2293 911 2320 1.
938 2292 974 2331 7.

291 2343 381 2379 560.
441 2340 626 2377 ret-ines.
688 2335 813 2389 Capt.
859 2349 935 2387 441
973 2342 1055 2387 per

237 2396 448 2435 dexteram
480 2400 599 2432 tuam
623 2398 657 2432 le
677 2393 844 2432 dextera
866 2392 1054 2432 retinens

236 2465 370 2490 manu
390 2450 544 2490 obsecro
566 2450 653 2489 &a

291 2511 383 2547 561.
445 2507 555 2554 quid
584 2509 714 2545 eam?
757 2503 891 2543 ‘what
921 2504 1051 2544 about

234 2562 358 2604 her?’
389 2576 429 2602 v.
458 2575 503 2614 51
531 2561 614 2601 and
641 2560 798 2600 Bacch.
823 2560 903 2614 569
928 2559 1057 2612 ‘quid

235 2617 394 2659 duas?’

291 2677 502 2715 eductam
553 2675 746 2721 perd-idi,
794 2673 916 2712 edoce
974 2671 1055 2711 fre-

235 2731 411 2784 quently
432 2730 507 2770 has
534 2729 606 2769 the
634 2742 750 2768 same
777 2728 978 2779 meaning
1008 2741 1053 2767 as

233 2787 366 2827 edz'c‘co.

290 2847 380 2883 562.
440 2843 687 2882 hostiumst
706 2842 868 2889 potita,
891 2853 930 2879 v.
957 2852 1051 2892 532.

290 2902 405 2945 tace,
427 2897 480 2939 cf.
504 2898 585 2950 603
607 2897 692 2937 and
714 2894 810 2948 643.

290 2959 380 2995 563.
441 2964 590 2994 eccam
621 2954 718 3002 (ecce
742 2953 865 3002 eam),
897 2964 1047 2997 eccum,

233 3024 351 3058 eccos,
373 3010 576 3056 eccillum,
599 3010 807 3058 eccistum‚
829 3007 864 3047 if
876 3007 993 3048 there
1014 3009 1048 3047 is

1135 1729 1159 1756 a
1181 1716 1299 1761 verb,
1325 1729 1404 1756 can
1426 1716 1480 1755 be
1501 1715 1753 1768 interjected
1776 1713 1956 1754 without

1135 1772 1335 1825 affecting
1403 1771 1474 1812 the
1542 1771 1832 1812 construction
1902 1781 1958 1808 no

1137 1836 1291 1868 matter
1331 1829 1374 1867 in
1409 1828 1524 1868 what
1561 1841 1655 1868 case
1692 1827 1763 1867 the
1803 1838 1957 1881 person

1136 1884 1314 1936 pointed
1356 1891 1430 1924 out
1470 1884 1519 1923 is.
1590 1884 1671 1924 But
1713 1883 1867 1933 where,
1913 1894 1957 1921 as

1137 1941 1249 1989 here,
1276 1940 1394 1980 there
1427 1941 1462 1980 is
1494 1953 1550 1980 no
1583 1940 1700 1986 verb,
1735 1940 1836 1991 they
1856 1939 1957 1980 take

1137 2011 1225 2037 acc.
1249 1996 1525 2049 throughout.
1588 1995 1652 2036 Cf.
1681 2010 1721 2035 v.
1751 1995 1842 2037 186.

1191 2056 1294 2093 ffico
1341 2053 1521 2105 belongs
1561 2051 1725 2105 strictly
1764 2059 1809 2092 to
1845 2052 1951 2103 dedi,

1137 2117 1212 2149 not
1249 2117 1293 2149 to
1321 2115 1560 2162 postquam,
1598 2109 1673 2148 but
1714 2108 1749 2148 is
1784 2116 1861 2162 put
1901 2110 1958 2162 by

1135 2165 1416 2218 anticipation
1450 2165 1541 2205 into
1573 2165 1645 2204 the
1677 2163 1766 2204 first
1801 2164 1956 2205 clause.

1139 2222 1191 2261 In
1222 2221 1305 2262 this
1335 2235 1429 2274 way
1450 2222 1646 2260 continuo
1672 2220 1870 2261 becomes
1897 2222 1955 2261 al-

1137 2286 1249 2318 most
1289 2277 1439 2318 otiose.
1509 2277 1571 2317 Or
1601 2283 1826 2330 postquam
1866 2277 1959 2317 ilico

1136 2334 1274 2387 might
1334 2334 1389 2374 be
1450 2333 1581 2373 taken
1642 2333 1852 2386 together,
1912 2347 1957 2374 as

1135 2403 1258 2443 quom
1310 2390 1522 2442 extemplo,
1580 2389 1654 2428 ubi
1699 2389 1804 2436 ilico,
1817 2390 1957 2429 εέπεῖ

1134 2445 1330 2496 τάχιστα,
1362 2447 1427 2485 ‘as
1446 2459 1551 2486 soon
1573 2458 1619 2484 as
1640 2444 1768 2485 ever.'

1192 2506 1283 2542 565.
1325 2504 1470 2542 adeo..
1482 2505 1561 2550 πη,
1589 2501 1687 2541 Ter.
1715 2500 1851 2541 Andr.
1876 2512 1954 2553 245

1135 2558 1263 2598 adeon
1302 2558 1511 2598 hominem
1557 2570 1639 2597 esse
1678 2556 1955 2597 invenustum

1136 2620 1213 2653 aut
1252 2614 1455 2666 infelicem
1500 2626 1752 2667 quemquam
1802 2619 1852 2652 ut
1888 2626 1956 2667 ego

1135 2670 1262 2709 sum!

1191 2730 1282 2766 566.
1341 2727 1560 2774 inprobus
1584 2726 1644 2764 ad
1664 2726 1782 2764 alias
1801 2735 1890 2771 rea,
1912 2738 1950 2766 v.

1135 2784 1231 2833 428.

1190 2842 1278 2878 567.
1372 2839 1469 2883 eho,
1520 2836 1563 2876 in
1613 2836 1864 2877 commands
1911 2850 1956 2878 as

1133 2894 1260 2933 Truc.
1304 2905 1384 2945 477
1431 2892 1529 2933 Eho
1578 2891 1827 2942 Pithecium,
1871 2894 1958 2933 and

1130 2949 1173 2989 in
1214 2949 1430 3003 questions
1469 2947 1574 2989 with

1133 3005 1226 3056 506.

1621 2962 1681 2988 an
1747 2961 1795 2988 as
1843 2962 1957 3003 supr.
