2100 3278
171 141 232 189 32
893 115 1040 166 PLA
1061 115 1192 164 VT!

1451 109 1530 180 [11
1564 128 1609 171 2,
1641 126 1919 160 202—210

269 261 357 309 ΕΡ.
437 258 501 307 Et
541 255 751 321 quidem
791 269 888 318 ego
926 268 1039 302 sum
1083 236 1363 315 Epidicus:
1415 249 1520 309 sed,
1562 264 1662 308 ere,
1701 248 1920 312 optuma

173 346 280 395 vos
319 343 472 394 video
512 338 901 407 opportunitate
939 337 1095 387 ambo
1133 334 1390 385 advenire.

1227 421 1318 469 Pe.
1395 417 1535 482 Quid
1577 417 1733 468 reist?

176 517 266 566 ΕΡ.
348 512 507 563 Mane
541 513 639 561 sis!
690 509 801 559 sine
839 508 1101 573 respirem,
1141 520 1349 570 quaeso.

177 774 269 821 ΑΡ.
351 767 547 833 Recipe
586 765 884 817 anhelitum.

731 852 818 899 Ρε.

1115 592 1203 639 PE.
1288 591 1456 638 Immo
1493 585 1778 652 acquiesce.

1328 676 1416 724 ΕΡ.
1494 671 1686 723 Animo
1725 671 1921 721 malest.

899 849 1200 900 Clementer
1238 843 1512 909 requiesce.

1010 934 1096 982 ΕΡ.

1179 930 1423 980 Animum
1464 925 1718 977 advortite
1739 945 1748 975 z
1828 939 1924 989 ²05

181 1009 225 1072 Ᾰ
265 1021 468 1086 legione
507 1020 689 1069 omnes
728 1016 924 1068 remissi
964 1019 1083 1065 sunt
1122 1016 1334 1065 domum
1376 1012 1584 1062 Thebis.

181 1191 330 1243 Dicit
368 1190 601 1240 factum?

417 1277 505 1325 ΕΡ.

186 1533 277 1581 PE.
355 1529 460 1592 Qui
499 1538 553 1577 tu
594 1525 732 1576 scis?

664 1613 754 1661 ΕΡ.

1430 1099 1524 1147 ΑΡ.
1610 1095 1738 1160 Quis
1776 1094 1864 1144 stoc

588 1275 700 1339 Ego
741 1274 811 1322 ita
849 1272 1041 1322 sactum
1081 1287 1194 1321 esse
1231 1269 1366 1319 dico.

1370 1350 1489 1402 Scin
1530 1362 1584 1400 tu
1623 1349 1794 1399 istuc?

1629 1435 1721 1484 ΕΡ.

1205 1356 1293 1403 Pe.

1798 1430 1932 1483 Scio.

835 1607 972 1673 Quia
1010 1625 1107 1673 ego
1147 1609 1216 1657 1're
1255 1605 1360 1656 vidi
1398 1604 1586 1655 milites
1625 1603 1790 1670 plenis
1827 1601 1937 1652 viis.

188 1686 348 1749 Arma
385 1698 609 1748 referunt
649 1698 698 1746 έῖ
738 1694 968 1744 ῘΠΠἸΕΠῖδ.
1006 1694 1218 1744 ducunt.

1057 1780 1145 1827 PE.

1224 1774 1393 1826 Nimis
1432 1776 1623 1824 factum
1665 1774 1799 1823 bene
1822 1775 1831 1821 l

192 1872 284 1919 ΕΡ.
362 1868 499 1916 Tum
552 1864 875 1931 captivorum
921 1861 1045 1928 quid
1097 1862 1295 1911 ducunt
1345 1861 1555 1910 secum:
1607 1873 1811 1923 puerOS,
1851 1858 1944 1906 vir·

329 1952 475 2018 gines

250 2107 342 2144 204.
402 2111 535 2141 mane
570 2102 648 2145 sis,
685 2098 807 2138 ‘wait
845 2096 1023 2151 please‚'

193 2160 346 2201 sis=si
378 2159 454 2202 vis.
487 2171 533 2197 as
568 2156 774 2196 sodes=si
805 2154 934 2194 audes
973 2152 1030 2193 ‘is

193 2231 276 2271 you
295 2216 452 2270 please.
463 2213 471 2229 '
507 2214 606 2254 Brix
622 2212 867 2258 manedum,
883 2209 1025 2250 which

196 2274 334 2315 Goetz
355 2272 523 2325 adopts.

252 2332 406 2370 ammo
444 2329 624 2375 malost,
672 2325 718 2365 ‘I
762 2324 844 2365 feel
885 2320 1025 2364 faint.'

197 2386 362 2440 Amph.
388 2399 467 2438 724
488 2384 636 2424 animo
664 2383 703 2422 si
729 2381 838 2421 male
862 2394 942 2421 esse
965 2393 1025 2419 oc-

197 2443 358 2497 ceperit,
379 2441 475 2481 Mil.
505 2455 517 2481 1
530 2454 551 2492 3
558 2453 605 2492 32
630 2453 754 2493 quom
776 2438 848 2478 ahs
868 2443 904 2477 te
923 2436 1025 2482 abit,

196 2500 343 2540 animo
371 2498 481 2538 male
495 2497 708 2550 factumst
737 2495 836 2535 huic
863 2499 1029 2547 repente

200 2556 389 2596 miserae.
451 2553 604 2594 Pseud.
636 2565 686 2607 95
695 2565 717 2604 3
744 2552 892 2592 animo
921 2549 1031 2589 male

199 2619 258 2654 est
283 2611 467 2657 aedibus,
494 2611 622 2650 Truc.
651 2607 729 2661 365
761 2608 862 2648 Non
893 2606 1035 2659 edepol

200 2669 334 2710 bibere
344 2675 518 2722 possum
535 2667 621 2706 iam
640 2683 652 2706 .·
683 2666 744 2705 ita
760 2665 906 2704 animo
923 2663 1028 2702 mal·

201 2732 270 2775 est,
300 2725 412 2765 Rud.
442 2737 535 2777 510,
565 2722 691 2763 Curc.
716 2734 812 2775 312.
863 2720 1031 2760 Animo

203 2783 238 2824 is
273 2782 436 2829 dative,
469 2779 555 2820 and
591 2778 665 2819 the
700 2790 856 2832 person
893 2775 929 2816 if
958 2789 1028 2816 ex-

203 2838 378 2894 pressed
411 2838 446 2878 is
475 2837 567 2877 also
592 2835 635 2876 in
664 2835 738 2876 the
769 2834 875 2882 dat.‚
910 2846 956 2873 as
987 2832 1031 2872 in

203 2896 276 2937 the
297 2907 499 2948 passages
515 2893 624 2933 from
648 2890 742 2932 Mil.
765 2890 851 2931 and
874 2888 1030 2930 Pseud.

205 2952 380 3006 quoted.

1842 1958 1943 1991 210

1111 2094 1235 2135 Asin.
1254 2092 1332 2146 326
1357 2092 1529 2134 Placide
1545 2105 1640 2146 ergo
1654 2104 1796 2131 unum
1816 2088 1942 2145 quid·

1111 2151 1219 2206 quid
1253 2151 1392 2204 rogita
1432 2156 1482 2190 ut
1519 2148 1789 2203 adquiescant
1803 2159 1818 2187 .·
1857 2159 1944 2186 non

1111 2208 1229 2248 vides
1276 2222 1340 2247 me
1382 2220 1435 2247 ex
1478 2219 1663 2246 cursura
1701 2203 1942 2245 anhelitum

1112 2266 1236 2305 etiam
1258 2264 1408 2304 ducere
1420 2262 1441 2304 ,⁹

1171 2325 1262 2362 209.
1305 2321 1776 2361 ntmmfaetumbene.
1812 2316 1946 2356 nimis

1114 2378 1296 2431 belongs
1331 2385 1376 2418 to
1406 2377 1502 2417 bene
1530 2375 1616 2416 and
1652 2375 1687 2415 is
1719 2372 1944 2428 separated

1116 2435 1224 2476 from
1246 2435 1292 2483 it,
1314 2448 1360 2474 as
1383 2432 1520 2475 Stich.
1545 2430 1639 2483 376.
1696 2429 1762 2472 Cf.
1785 2443 1827 2469 v.
1852 2428 1943 2475 161,

1118 2491 1251 2534 Stich.
1276 2501 1354 2547 295
1369 2496 1459 2530 tam
1469 2489 1682 2543 gaudium
1692 2486 1862 2541 grande
1870 2485 1944 2525 ad-

1103 2548 1217 2601 sere,
1235 2547 1398 2601 Amph.
1421 2558 1495 2598 721
1514 2545 1640 2586 nulla
1655 2557 1721 2584 res
1736 2548 1825 2582 tam
1845 2542 1944 2582 deli-

1116 2605 1257 2645 rantis
1271 2603 1464 2644 homines
1482 2602 1711 2642 concinnat
1732 2599 1808 2640 cito
1825 2597 1944 2651 (with

1117 2674 1319 2716 passages
1345 2659 1467 2701 there
1486 2658 1647 2713 quoted
1671 2657 1728 2710 by
1750 2654 1947 2709 Ussing),

1119 2717 1284 2771 Amph.
1324 2728 1402 2770 775
1441 2715 1575 2756 multo
1613 2713 1773 2754 mulier
1809 2711 1947 2752 maxi-

1119 2780 1244 2821 mast,
1266 2773 1361 2814 infr.
1389 2773 1486 2824 4²8-
1548 2770 1702 2812 Nimis
1728 2769 1764 2810 is
1790 2767 1948 2822 simply

1119 2844 1174 2871 an
1188 2829 1400 2871 intensive
1413 2828 1576 2870 adverb
1585 2844 1623 2862 =
1635 2831 1645 2848 ‘
1655 2825 1794 2879 very':
1816 2838 1866 2866 so
1881 2822 1947 2865 nii

1120 2888 1260 2927 mium
1281 2885 1415 2927 often.
1459 2885 1513 2925 In
1527 2882 1840 2926 exclamations
1859 2881 1950 2922 like

1119 2943 1205 2985 this
1235 2949 1295 2984 est
1322 2942 1358 2983 is
1388 2955 1434 2983 as
1463 2954 1490 2982 a
1518 2941 1611 2982 rule
1639 2938 1837 2989 omitted,
1861 2951 1950 2992 e.g.

262 3012 354 3049 205.
413 3009 564 3056 recipe
644 3006 891 3054 requiesce.
962 3000 1033 3043 Cf.
1106 3001 1247 3055 facete
1272 2999 1435 3040 dictum
1467 2997 1593 3053 Capt.
1635 2995 1727 3050 176,
1762 3000 1951 3050 emptum
