2100 3278
162 118 218 162 14
878 102 1024 151 PLA
1046 102 1177 152 VT!

1537 100 1586 173 [Ι
1623 121 1663 165 1·
1693 120 1900 172 54—59

155 223 214 287 I'n
253 236 362 288 dies
401 238 670 302 minasque
707 238 901 303 argenti
941 238 1165 303 singulas
1204 239 1447 289 nummls.

149 408 253 456 ΤΗ.

290 500 432 554 pent.

1279 323 1371 371 ΕΡ.
1451 325 1636 388 Papae.

334 391 398 455 Et
449 405 490 455 is
541 405 744 456 danista
794 404 1000 456 adve'nit
1053 422 1155 456 una
1192 410 1311 456 cnm
1350 423 1414 457 eo
1450 414 1596 472 atque
1632 413 1898 474 argenttim

1834 508 1898 559 55

153 578 242 625 ΕΡ.
321 577 386 624 Di
429 575 762 625 inmortales!
804 579 857 625 iit
898 592 994 641 ego
1033 575 1199 626 interii
1241 575 1464 627 basilice.

973 662 1077 710 ΤΗ.

152 730 369 810 Epidice
392 746 414 794 ?

292 831 380 878 ΕΡ.
458 831 573 878 Ei!
611 846 693 880 me
732 828 969 894 perdidit.

1157 661 1295 726 Quid
1335 661 1476 711 iarn?
1512 665 1602 711 aiit
1639 660 1766 727 quid
1805 673 1898 723 est,

781 916 884 963 ΤΗ.
967 914 1133 978 Quis?

146 1085 248 1133 ΤΗ.
330 1084 463 1132 Nam
505 1082 628 1147 quid
670 1083 781 1132 ita?

995 1001 1085 1048 ΕΡ.
1168 985 1260 1050 1'11e
1299 1001 1384 1065 qui
1423 1017 1564 1051 arma
1603 999 1842 1067 perdidit.

416 1169 504 1217 ΕΡ.
584 1168 722 1231 Quia
748 1167 962 1219 cottidie
990 1168 1099 1233 ipse
1126 1169 1191 1219 ad
1221 1186 1302 1219 rne
1328 1170 1395 1220 ab
1422 1169 1624 1236 legione
1650 1171 1899 1236 epistulas

148 1252 411 1303 Mittebat:
451 1252 542 1302 sed
583 1263 782 1302 taceam
823 1252 1161 1317 optumumst.
1206 1255 1318 1319 plus
1357 1256 1485 1305 scire
1524 1255 1702 1305 satiust
1741 1254 1896 1320 quarn

287 1336 427 1402 loqui

145 1465 297 1507 mouth
317 1465 476 1517 (Greek
500 1465 584 1506 and
606 1466 773 1506 Roman
799 1466 972 1507 interest

145 1524 273 1576 being
295 1522 509 1563 reckoned
533 1523 587 1575 by
615 1523 686 1563 the
708 1522 893 1573 month),
926 1536 969 1564 ι2

145 1593 220 1634 per
255 1588 364 1620 cent.
404 1593 477 1633 per
513 1593 688 1619 annum.
751 1579 973 1619 Nummus

146 1636 323 1676 without
337 1649 390 1676 an
403 1636 486 1689 adj
503 1638 692 1685 (aut-cus,
706 1636 969 1690 Phihppms,

145 1694 271 1742 ὣΰιπ),
306 1693 462 1741 where,
493 1706 539 1732 as
567 1693 682 1736 here,
713 1693 742 1733 it
773 1692 901 1733 refers
928 1702 972 1733 to

144 1763 168 1790 a
189 1749 365 1791 definite
388 1750 499 1797 coin,
527 1750 562 1789 is
583 1764 606 1790 a
628 1749 828 1789 dilracln
813 1764 924 1793 mon,
948 1763 972 1789 a

143 1815 246 1847 two·
251 1807 429 1846 drachm
454 1806 588 1860 piece.
640 1808 721 1847 See
743 1806 872 1847 Truc.
893 1806 971 1858 ιε62

142 1863 323 1904 where
314 1877 504 1917 qumque
543 1865 826 1913 numtm=115
868 1863 915 1903 os
950 1877 974 1903 a

143 1934 278 1968 mma,
303 1920 369 1960 i..e
404 1933 453 1962 ιο
477 1919 714 1960 drachmae.
781 1920 835 1958 w
839 1920 975 1961 hence

142 1990 394 2016 nummus:
410 1990 430 2017 2
462 1977 700 2016 drachmae.
747 1977 864 2017 Here
901 1977 974 2017 the

143 2034 316 2074 interest
341 2033 374 2073 is
405 2038 455 2072 a
481 2033 728 2073 duairachm
718 2047 759 2073 η
783 2032 846 2073 sor
867 2033 971 2074 each

141 2089 225 2143 day
260 2090 342 2130 and
378 2089 483 2130 each
526 2090 674 2135 mina,v
713 2090 781 2131 i.e.
834 2104 852 2131 2
898 2104 972 2144 per

142 2153 272 2191 cent..
313 2146 438 2186 binae
478 2148 719 2186 centesimae
763 2150 855 2194 (not
897 2160 973 2201 per

144 2203 294 2243 month
332 2203 441 2252 but).
475 2216 550 2256 per
585 2204 691 2256 day!
756 2203 840 2243 For
870 2217 972 2244 ano·

142 2259 236 2300 ther
284 2273 513 2300 enormous
560 2270 853 2314 per-centage
903 2274 972 2301 see

141 2316 430 2370 Theophrast.
453 2316 581 2357 Char.
605 2316 645 2355 6.

199 2373 280 2413 But
316 2386 522 2412 nummus
555 2373 685 2422 often,
722 2386 767 2414 as
799 2387 837 2412 v.
873 2387 968 2427 330,

142 2429 270 2470 refers
301 2436 346 2469 to
376 2443 432 2469 no
464 2430 694 2483 particular
725 2431 837 2478 coin,
868 2431 968 2480 and,

141 2499 187 2526 as
216 2486 315 2526 Brix
347 2486 491 2539 points
522 2495 608 2534 out,
642 2487 835 2528 Terence
868 2501 962 2528 uses

141 2556 395 2583 nummus:
406 2543 625 2582 drachma.

196 2603 261 2639 55.
322 2599 419 2640 The
446 2609 522 2639 MS.
553 2599 732 2653 reading
761 2601 839 2664 qui
862 2601 974 2654 petz!

142 2655 228 2696 will
244 2656 396 2708 hardly
410 2655 550 2696 stand.
588 2656 709 2696 Read
726 2658 807 2710 qui
820 2671 972 2710 argen-

138 2718 230 2752 tum
255 2718 385 2766 petat,
423 2726 486 2758 or,
520 2726 566 2753 as
603 2712 622 2752 I
660 2713 813 2767 prefer.
847 2720 975 2768 atque

138 2775 363 2822 argentum
376 2770 498 2822 pent.

196 2829 260 2866 56.
324 2828 527 2875 basilice,
588 2825 722 2880 ‘right
773 2826 972 2879 royally,'

148 2882 407 2935 =⁶utterly.'
489 2883 651 2922 “Mun
731 2884 972 2936 ingentium

126 2938 416 2992 fortunarum
434 2945 493 2979 est
506 2939 654 2992 ingens
671 2945 719 2979 ut
726 2941 972 2992 plurimum

137 2993 302 3035 casus.”
365 2995 449 3036 For
477 2995 586 3036 form
619 3009 689 3036 see
719 3010 760 3036 ν.
797 3010 863 3043 2ο,
887 2997 972 3037 and

1064 1466 1127 1507 sor
1164 1467 1284 1508 word
1320 1467 1372 1508 cs.
1416 1466 1542 1509 Cure.
1577 1479 1659 1523 359
1688 1467 1794 1508 iacto
1828 1468 1898 1509 ba·

1062 1524 1249 1572 silicum,
1290 1537 1348 1564 sc.
1387 1525 1561 1571 iactum.
1602 1525 1650 1566 os
1696 1524 1769 1566 the
1804 1524 1898 1567 best

1063 1580 1201 1621 throw
1245 1589 1286 1621 at
1330 1581 1440 1627 dice.
1484 1581 1569 1621 and
1610 1581 1828 1633 basilicus,
1873 1596 1898 1623 a

1063 1647 1182 1690 great
1224 1651 1337 1678 man.
1412 1638 1539 1692 Capt.
1582 1640 1660 1680 811
1704 1637 1899 1679 basulicas

1063 1695 1297 1742 edictzones.
1322 1694 1443 1735 Trin.
1475 1707 1581 1747 ιο3ο
1601 1694 1896 1750 basiliculam·-

1064 1763 1195 1790 nora:
1225 1751 1322 1792 infr.
1346 1765 1424 1805 232
1452 1750 1502 1791 of
1526 1765 1551 1791 a
1580 1751 1715 1793 dress.
1779 1752 1894 1793 Pers.

1065 1813 1144 1848 802
1169 1808 1333 1848 basilice
1351 1814 1389 1848 te
1410 1808 1609 1848 intulisti
1623 1815 1664 1850 et
1669 1809 1817 1863 facete.

1121 1867 1233 1913 quid
1255 1863 1378 1905 iam?
1406 1868 1490 1906 ant
1510 1867 1623 1914 qum
1641 1869 1747 1906 ut?
1776 1878 1893 1920 supr.

1071 1934 1132 1962 12.
1187 1921 1283 1962 Mil.
1310 1922 1389 1974 278
1411 1921 1519 1976 quid
1536 1921 1658 1963 iam?
1695 1927 1774 1962 aut
1791 1921 1900 1976 quid

1067 1978 1271 2031 negotist?

1119 2038 1184 2075 6⁷.
1249 2036 1465 2084 permen,
1487 2033 1548 2086 (1)
1563 2034 1807 2088 destroyed,
1830 2037 1894 2086 (2)

1063 2091 1161 2132 lost.
1222 2091 1289 2132 Cf.
1313 2091 1440 2132 Curc-
1459 2093 1541 2145 328
1563 2091 1797 2133 Perdidisti
1815 2105 1894 2134 me.

1063 2148 1143 2189 Cu.
1176 2148 1382 2189 Invenire
1391 2155 1566 2202 possum
1586 2149 1629 2189 si
1647 2148 1711 2190 mi
1726 2154 1894 2202 operam

1060 2205 1196 2244 dahis.
1256 2205 1484 2246 Translate
1528 2204 1624 2246 ‘He
1662 2204 1741 2246 has
1779 2205 1896 2247 done

1062 2261 1126 2302 sor
1149 2262 1250 2302 rne.‘
1303 2262 1441 2302 ‘tho
1461 2259 1592 2302 has?’
1656 2261 1772 2303 ‘The
1793 2275 1893 2303 man

1061 2319 1160 2358 who
1180 2318 1255 2359 did
1278 2317 1343 2359 for
1363 2318 1428 2359 his
1448 2316 1592 2359 arms.’

1117 2379 1183 2416 58.
1242 2385 1351 2416 nam
1375 2374 1772 2430 qiud-:quidnam
1824 2374 1893 2416 Cf.

1062 2431 1226 2486 Amph.
1260 2445 1340 2485 552
1372 2445 1476 2472 nam
1506 2445 1638 2486 quam
1667 2431 1715 2473 ob
1750 2444 1885 2471 rem:

1061 2502 1298 2542 quamnam
1320 2488 1368 2529 ob
1388 2502 1492 2530 rem.
1553 2487 1657 2530 ibid.
1685 2489 1763 2540 581
1789 2501 1893 2528 nam

1060 2558 1426 2599 quor=curnam.
1482 2544 1588 2586 Aul.
1609 2560 1664 2596 44
1682 2558 1786 2584 nam
1807 2558 1893 2599 qua

1069 2615 1324 2655 :quanam.
1379 2600 1503 2642 Asin.
1544 2614 1600 2655 43
1650 2614 1884 2655 namquo:

1059 2672 1262 2711 quonam.
1342 2658 1472 2699 Cure.
1524 2670 1570 2698 12
1614 2671 1718 2698 nam
1753 2671 1882 2712 quo=

1059 2729 1275 2768 quonam:
1301 2714 1396 2756 infr.
1426 2713 1504 2756 116
1518 2714 1605 2755 and
1621 2714 1718 2768 348.
1771 2713 1893 2755 Nam

1059 2772 1094 2811 is
1115 2771 1437 2825 interrogative.

1117 2832 1184 2868 59.
1244 2832 1424 2869 taceam
1462 2830 1763 2877 optumumst„
1821 2826 1893 2868 Cf.

1061 2885 1187 2924 Asin.
1208 2885 1291 2936 448
1305 2898 1424 2924 nunc
1443 2885 1592 2924 adeam
1612 2890 1893 2938 optumumst.

1062 2941 1184 2981 Men.
1208 2954 1289 2995 947
1318 2941 1427 2995 quid
1438 2941 1587 2994 facias
1614 2946 1893 2995 optumumst.

1063 2997 1181 3037 Rud.
1197 3010 1247 3051 37
1257 3010 1277 3050 7
1292 2997 1499 3052 capillum
1508 2997 1765 3051 promittam
1778 3002 1896 3052 optu-
