2100 3326
241 125 306 171 60
959 125 1105 174 PLA
1127 126 1256 175 VTJ

242 260 391 308 Meus
430 258 696 323 deperibat
735 258 1009 309 fidicinam.

1483 124 1594 195 [111
1623 146 1669 190 4,
1698 130 1977 195 482—490

843 345 936 392 M1.
1018 345 1166 394 Haec
1206 361 1310 395 non
1349 348 1424 396 e‘st
1463 363 1536 397 ea.

237 428 325 474 PE.
405 426 583 489 Quid?
632 427 738 476 non
775 429 892 476 est?

717 512 812 559 M1.
892 512 1014 561 Non
1053 521 1141 562 est.

954 598 1039 644 PE.

1120 578 1270 647 x'snde
1310 598 1435 648 haec
1473 597 1623 664 igitur
1658 599 1976 665 gentiumst?

235 679 491 742 Equidem
532 679 698 728 hercle
735 692 1002 744 argentum
1042 697 1136 745 pro
1174 680 1270 732 hac
1309 682 1444 732 dedi.

233 846 386 905 Reor,
427 857 700 910 peccatum
738 846 954 912 largiter.

790 934 878 980 PE.
954 934 1123 984 Immo
1162 934 1287 984 haec
1327 946 1449 985 east.

1277 768 1373 816 M1.
1450 767 1612 818 Stulte
1649 767 1828 818 datum

1868 940 1965 1003 485

231 1015 364 1063 Nam
403 1016 603 1064 servom
644 1014 772 1076 misi,
814 1018 902 1080 qui
944 1017 1084 1066 illum
1125 1020 1308 1067 sectari
1346 1020 1490 1077 solet,

229 1099 407 1147 Meum
446 1098 687 1163 gnatum:
738 1098 779 1148 is
818 1099 928 1164 ipse
969 1102 1099 1150 hanc
1139 1101 1411 1152 destinavit
1450 1102 1726 1153 fidicinam.

229 1185 323 1231 M1.
403 1185 500 1232 Em
540 1183 654 1233 istic
692 1185 850 1234 homo
891 1196 939 1235 te
977 1185 1280 1236 articulatim
1319 1186 1561 1249 concidit,
1603 1206 1771 1250 senex,

226 1270 368 1317 Tuos
408 1270 592 1318 servos.

426 1355 514 1401 PE.
595 1352 734 1416 Quid
773 1354 1041 1403 concidit?

862 1441 958 1490 M1.
1037 1440 1118 1490 Sic
1158 1441 1421 1506 suspitiost
1443 1460 1453 1490 ε

227 1524 361 1571 Nam
401 1523 491 1586 pro
531 1522 741 1572 fidicina
779 1524 906 1574 haec
944 1526 1092 1575 cerva
1130 1525 1444 1590 subpositast
1483 1525 1589 1578 tibi.

223 1705 331 1745 form
372 1706 414 1745 in
457 1704 645 1746 Plautus.
727 1705 809 1747 See
851 1706 948 1746 Brix
991 1719 1047 1746 on

224 1763 345 1801 Trin.
368 1763 445 1815 789
468 1760 705 1815 (Anhang).

277 1823 366 1858 483.
431 1821 552 1858 unde
592 1821 814 1865 genuum,
851 1818 938 1859 like
979 1819 1050 1858 ubi

222 1875 427 1927 gentium,
449 1874 764 1920 ubz'tcrrarum,
782 1877 939 1915 interea
952 1875 1042 1924 loci,

222 1933 302 1970 ποῦ
337 1932 426 1980 -γῆς,
465 1931 539 1970 ποῖ
569 1932 659 1980 γῆς,
694 1931 770 1972 ἃς.
832 1931 926 1972 The
963 1940 1048 1971 two

222 1987 364 2026 words
385 2000 456 2027 are
478 1987 681 2040 similarly
698 1988 923 2040 separated
945 1987 1047 2028 else-

223 2043 377 2091 where,
423 2056 468 2082 as
511 2044 662 2083 Pseud.
709 2042 790 2097 966
832 2045 943 2084 unde
981 2058 1049 2097 ego

223 2101 316 2138 lzom
323 2100 434 2139 inem
454 2099 513 2138 lm
519 2114 569 2139 m·
583 2114 663 2139 esse
677 2100 812 2139 dicam
825 2101 1018 2153 gentium
1029 2101 1050 2141 ,9

223 2156 348 2196 Truc.
395 2169 476 2210 914
509 2156 634 2196 heus!
674 2156 747 2196 ubi
778 2158 840 2196 mi
870 2157 1052 2197 amicast

216 2212 408 2265 gentium
425 2211 446 2251 ,9

278 2273 370 2308 487.
431 2271 693 2314 destinant,
722 2269 921 2322 properly
953 2269 1047 2310 ‘be-

223 2323 411 2420 ffssssfii’i..
429 2324 622 2421 fheimis‘?
672 2325 862 2423 {¹3³5}
892 2325 1051 2422 ³222&-

221 2414 419 2481 destzffat,
464 2437 576 2476 Rud.
618 2452 669 2489 45
703 2395 839 2478 {uinis
868 2396 1049 2492 tggz'nta

223 2493 306 2533 sibi
316 2493 505 2546 puellam
527 2494 722 2533 destinat.

278 2554 370 2590 488.
435 2552 732 2599 articulatim,
802 2549 933 2602 ‘joint
993 2551 1049 2604 by

217 2604 361 2659 joint.'
394 2605 458 2646 Cf.
481 2606 704 2645 assulatim
725 2606 840 2646 Men.
865 2609 946 2660 859
964 2607 1050 2647 and

225 2662 353 2715 Capt.
368 2663 470 2714 832:
501 2662 597 2701 -tz‘m
614 2662 648 2702 is
661 2662 952 2703 distributive:
984 2663 1048 2703 vi-

222 2715 613 2770 ήίίηιεαῖνδρακάς,
659 2719 669 2738 ‘
684 2732 784 2758 man
820 2719 877 2771 by
916 2717 1050 2768 man‚’

223 2775 420 2814 tributim
443 2774 572 2814 ‘tribe
588 2774 793 2827 bytribe,’
809 2775 884 2815 ἃς.
919 2775 1042 2816 Cure.

226 2830 306 2882 576
310 2830 523 2883 formicae
524 2829 809 2884 frustillatim
826 2831 1045 2885 dzfferant.

224 2886 290 2927 Cf.
308 2886 381 2927 the
401 2887 607 2927 Homeric
622 2886 771 2934 threat,
789 2900 867 2940 e.g.
891 2887 1048 2940 Odyss.

224 2952 366 2982 XVIII.
391 2954 471 2996 339
495 2944 561 2982 ἵνα
585 2942 626 2982 σ’
649 2941 742 2983 αὖθι
771 2944 837 2983 διὰ
863 2945 1051 2992 μελεϊστὶ

224 3000 416 3049 τάμῃσιν.

1865 1546 1966 1594 490

1192 1711 1285 1748 489.
1346 1710 1457 1754 qu1d
1487 1707 1757 1751 ‘oondet'v
1818 1710 1838 1750 1
1865 1711 1965 1752 take

1140 1763 1338 1817 Ussing's
1370 1765 1488 1817 quid,
1525 1765 1600 1806 but
1641 1766 1900 1808 understand
1932 1768 1965 1808 it

1137 1833 1182 1860 as
1219 1833 1300 1860 one
1335 1821 1546 1874 question,
1592 1821 1753 1863 ‘What
1788 1823 1846 1863 do
1880 1837 1964 1877 you

1138 1890 1263 1917 mean
1286 1877 1341 1929 by
1363 1884 1433 1918 cut
1454 1891 1523 1918 me
1539 1877 1647 1931 up?’
1707 1879 1772 1920 Cf.
1795 1880 1959 1933 Amph.

1143 1945 1243 1974 1021
1283 1933 1370 1973 Me.
1435 1934 1559 1984 Quist
1591 1934 1816 1987 adfores?
1860 1938 1961 1977 Am.

1138 1989 1232 2041 Ego
1246 2003 1355 2028 sum.
1405 1989 1492 2030 Me.
1519 1990 1642 2041 Quid
1654 1996 1740 2044 ‘ego
1754 2006 1850 2031 sum
1864 1993 1873 2010 '
1889 1993 1957 2033 .?=

1138 2045 1252 2085 what
1289 2045 1345 2085 do
1385 2059 1467 2098 you
1508 2060 1634 2087 mean
1674 2048 1731 2100 by
1772 2047 1862 2089 ‘it's
1895 2047 1966 2090 I’?

1140 2101 1296 2142 Bacch.
1328 2115 1402 2154 147
1446 2103 1599 2143 Omztte
1623 2104 1754 2153 Lude,
1791 2118 1840 2144 ac
1871 2119 1969 2146 cave

1139 2158 1263 2198 malo.
1298 2158 1377 2198 Lu.
1398 2159 1534 2210 Quid‘
1545 2159 1784 2201 cavemalo’
1792 2160 1813 2201 ?
1832 2161 1959 2226 Capt.

1144 2213 1249 2255 1006
1289 2215 1468 2262 Salvae,
1504 2221 1688 2268 exoptate
1719 2223 1849 2270 gnate
1888 2218 1964 2258 mi.

1138 2271 1219 2323 Ty.
1242 2271 1380 2312 Hem!
1404 2271 1514 2324 quid
1530 2276 1679 2325 ‘gnate
1695 2274 1760 2313 mi
1768 2272 1809 2314 ’?
1847 2274 1965 2314 Rud.

1141 2325 1220 2379 367
1276 2328 1478 2380 Numquz
1526 2329 1674 2368 minus
1721 2329 1841 2370 hasce
1887 2344 1969 2372 esse

1137 2388 1292 2435 oportet
1301 2383 1482 2424 liberas?
1517 2384 1595 2424 La.
1617 2385 1746 2438 quid‘
1756 2386 1932 2427 liberas'
1944 2387 1966 2428 ?

1139 2439 1192 2479 In
1233 2439 1290 2479 all
1330 2439 1434 2481 such
1474 2453 1591 2482 cases
1630 2441 1704 2482 the
1748 2443 1866 2483 word
1916 2456 1965 2484 or

1138 2496 1279 2536 words
1313 2495 1405 2536 that
1437 2496 1636 2538 occasion
1670 2498 1854 2552 surprise
1891 2512 1966 2540 are

1139 2552 1353 2605 repeated,
1394 2551 1482 2604 just
1531 2566 1577 2594 as
1625 2553 1805 2607 spoken,
1856 2555 1966 2596 after

1138 2608 1255 2662 quid.
1317 2608 1377 2648 So
1407 2608 1508 2649 here
1533 2609 1824 2663 Periphanes
1813 2624 1848 2651 is
1869 2625 1962 2664 per-

1138 2663 1293 2717 plexed
1328 2664 1384 2717 by
1418 2665 1609 2712 concidit,
1640 2665 1782 2707 which
1813 2666 1867 2708 he
1899 2681 1961 2709 re-

1137 2727 1260 2773 peats
1276 2719 1385 2761 from
1401 2721 1474 2761 the
1488 2721 1616 2762 Miles
1631 2722 1734 2762 with
1750 2724 1861 2776 quid
1870 2737 1961 2778 pte-

1137 2775 1266 2817 fixed.

1195 2835 1452 2880 suspitiost.
1513 2833 1668 2874 Pseud.
1712 2833 1789 2886 562
1827 2837 1962 2890 suspi-

1138 2888 1234 2928 tiost
1249 2889 1368 2934 mihi,
1386 2889 1505 2929 Trin.
1525 2888 1606 2940 716
1625 2889 1683 2930 sic
1701 2893 1959 2933 sententiast.

1193 2949 1285 2985 490.
1344 2955 1493 2992 cerva,
1529 2959 1555 2985 a
1584 2946 1797 2988 reference
1824 2955 1870 2989 to
1890 2949 1964 2990 the

1137 3007 1231 3054 stag
1251 3000 1508 3042 substituted
1529 3002 1593 3043 for
1615 3002 1881 3057 Iphigeneia.
