2100 3326
225 130 290 189 48
950 125 1098 175 PLA
1118 125 1247 175 VTJ

225 266 308 315 ST.
387 263 652 326 Quantum
699 262 781 311 hic
820 260 992 312 inest?

1471 122 1582 193 [111
1617 140 1661 185 ²2
1691 123 1968 190 346-357

579 350 668 398 ΕΡ.
735 347 1003 410 Quantum
1043 356 1119 395 sat
1159 355 1250 403 est,
1292 354 1343 394 et
1380 344 1496 409 plus
1534 342 1688 393 satis:
1726 342 1970 410 superfit:

227 434 422 484 Decem
463 431 613 481 minis
652 432 769 496 plus
805 429 968 489 attuli,
1009 445 1164 494 quarn
1207 432 1259 478 tu
1298 427 1534 478 danistae
1572 426 1746 478 debeS.

226 519 364 566 Dum
422 516 513 566 tibi
571 533 667 581 ego
720 517 951 581 placeam
1004 524 1161 579 atque
1216 514 1490 576 obsequar,
1545 527 1718 562 meum
1774 512 1971 578 tergum

364 600 511 651 flocci
557 599 703 650 fricio.

223 689 303 738 ST.
385 687 520 736 Nam
560 687 684 750 quid
726 686 833 735 ita?

458 773 549 821 ΕΡ.

223 858 303 907 ST.
383 854 524 920 Quid
563 854 691 905 istuc
731 867 807 906 est
845 854 1025 905 verbi?

600 941 688 990 ΕΡ.

630 771 766 835 Quia
803 786 899 835 ego
939 769 1081 820 tuom
1122 778 1320 833 patrem
1360 765 1544 818 sacizim
1585 764 1969 833 perenticidam,

771 941 857 990 Nss
897 956 1068 990 moror
1105 949 1277 989 vetera
1315 939 1366 988 et
1404 938 1607 1002 volgata
1644 936 1799 988 verba
1873 951 1975 1001 350

226 1024 468 1076 ‘Peraitim
508 1025 757 1075 ductare':
796 1024 935 1074 lebdie
972 1041 1069 1089 ego
1109 1022 1312 1073 sollitirn
1351 1021 1637 1072 ductitzibo.

225 1112 360 1159 Nam
389 1112 506 1160 leno
542 1127 698 1160 omne
726 1121 994 1174 argentum
1022 1107 1233 1158 :ibstulit
1259 1124 1352 1172 pro
1373 1105 1615 1158 fidicina:
1654 1122 1752 1172 ego
1777 1105 1974 1157 resolvi.

228 1191 498 1263 [Manibus
544 1194 622 1243 his
674 1192 992 1244 dinumeravi
1044 1203 1191 1256 pater
1240 1207 1384 1240 suam
1437 1200 1610 1240 natam
1661 1206 1817 1256 quam
1863 1206 1976 1241 esse

364 1276 550 1347 credit]

224 1364 378 1412 Nunc
418 1364 600 1412 iterum
639 1373 694 1412 ut
733 1362 932 1411 fallatur
971 1370 1114 1426 pater
1151 1358 1349 1424 tibique
1386 1358 1631 1409 auxilium
1668 1358 1958 1424 adparetur,

226 1448 437 1500 Inveni:
488 1465 607 1498 nam
648 1446 717 1497 ita
757 1447 893 1496 suasi
933 1444 1041 1495 seni
1079 1454 1236 1509 atque
1274 1444 1406 1494 hanc
1444 1442 1599 1495 haibui
1637 1442 1940 1503 orationem,

224 1537 290 1586 Vt
330 1536 489 1600 quoru
529 1533 747 1584 redisses
786 1534 848 1582 ne'
887 1530 981 1581 tibi
1019 1529 1127 1580 eius
1165 1529 1321 1595 copia
1357 1539 1506 1580 esset.

226 1708 315 1756 ΕΡ.
398 1707 472 1755 Ea
509 1703 609 1754 idm
650 1701 841 1754 domist
880 1718 972 1767 pro
1010 1700 1128 1750 filia.

976 1789 1058 1837 ST.

225 2013 350 2054 purse
364 2008 409 2040 to
425 1995 756 2050 Stratippocles.
790 1995 873 2041 Sis,
892 2008 931 2035 v.
957 2006 1053 2043 ²04·

279 2061 369 2098 346.
425 2057 531 2104 plne
551 2056 683 2094 satis.
737 2052 836 2093 Ter.
865 2052 976 2092 Eun.
1001 2053 1053 2103 85

225 2115 314 2154 iam
336 2112 503 2152 calesces
516 2111 618 2164 plus
639 2110 756 2149 salis.

282 2172 491 2218 superfit.
554 2167 650 2207 Mil.
677 2179 698 2218 3
706 2177 755 2217 57
779 2165 892 2220 quod
913 2171 1056 2218 super-

210 2227 295 2282 fit:
346 2223 523 2280 superfit
563 2224 595 2275 )(
635 2223 748 2278 defit,
792 2237 817 2263 a
861 2221 1059 2262 Plautine

225 2283 360 2324 word.

282 2345 374 2381 34⁰1.
433 2341 588 2386 mma,
632 2336 719 2377 abl.
762 2334 812 2377 of
846 2348 1056 2381 measure.

228 2399 367 2438 ‘more
387 2396 444 2449 by
472 2409 521 2436 10
543 2391 716 2434 minae)

281 2458 373 2495 349.
433 2453 779 2501 parenticidam,
832 2449 1054 2499 (Camera-

224 2509 326 2561 rius)
345 2507 715 2564 pera-enti·caed0
737 2512 746 2527 ⁸
760 2520 785 2546 a
806 2505 1056 2559 cut-purse‚’

224 2566 452 2619 comically
473 2564 639 2605 formed
668 2577 724 2604 on
747 2563 820 2603 the
848 2562 984 2603 sound
1015 2560 1064 2602 os

216 2622 551 2678 parenticidam.
617 2621 779 2673 Ussing
800 2620 951 2673 rejects
972 2618 1058 2659 this

225 2681 310 2722 and
332 2686 526 2734 suggests
539 2677 858 2732 parieticidam.

283 2742 373 2778 350.
438 2737 550 2785 quid
576 2737 699 2774 istuc
726 2737 798 2773 est
824 2734 966 2781 verbi,
992 2731 1059 2771 sor

224 2808 323 2848 gen.
358 2793 412 2834 cf.
449 2792 582 2833 Most.
617 2790 700 2845 469
730 2790 838 2844 quid
865 2790 971 2828 istuc
999 2793 1058 2828 est

226 2850 398 2891 sceleris.

285 2911 376 2948 351.
449 2900 909 2955 peratim...tomtim‚
985 2905 1057 2942 ‘to

226 2964 351 3004 drain
391 2963 449 3016 by
487 2962 562 3003 the
607 2958 856 3014 purse·full;
906 2958 927 2998 1
969 2957 1059 2998 will

227 3021 352 3062 drain
376 3019 468 3060 him
501 3019 557 3072 by
584 3017 658 3058 the
683 3012 1058 3069 money-bagfuw

1350 1616 1433 1666 S‘r.
1513 1615 1673 1679 Euge.
1873 1616 1976 1680 356

1138 1787 1254 1835 Iam
1293 1786 1462 1836 teneo.

1300 1871 1393 1920 ΕΡ.
1472 1870 1629 1920 Nunc
1665 1869 1928 1920 cautorem

1144 1991 1280 2033 Follis
1322 1991 1356 2032 is
1397 2004 1422 2032 a
1463 1990 1656 2032 leathern
1696 1991 1976 2045 money-bag,

1146 2063 1193 2090 as
1210 2049 1311 2102 Juv.
1333 2059 1435 2089 xlv.
1455 2049 1531 2089 281
1564 2047 1809 2102 Tensosolle
1822 2047 1982 2089 reverti

1146 2107 1245 2147 inde
1261 2107 1433 2146 domum
1450 2106 1596 2159 possis.
1658 2105 1851 2146 Peranna
1877 2105 1976 2145 duc·

1145 2170 1238 2203 tare
1254 2163 1288 2203 is
1304 2161 1511 2216 certainly
1527 2169 1604 2202 not
1631 2165 1768 2202 ‘vetus
1782 2168 1821 2202 et
1835 2162 1976 2215 volgu-

1145 2220 1283 2265 tum':
1312 2220 1388 2260 but
1411 2218 1624 2274 probably
1644 2217 1719 2260 the
1741 2217 1850 2272 joke
1873 2231 1976 2260 con-

1145 2277 1244 2318 sists
1266 2276 1309 2316 in
1331 2275 1490 2329 mlling
1510 2276 1542 2317 it
1564 2288 1627 2316 so.

1202 2337 1294 2374 352.
1353 2331 1763 2374 molvl=debitum
1790 2331 1911 2379 solvi,
1935 2345 1972 2371 v.

1151 2404 1244 2442 142.

1201 2451 1280 2488 353
1338 2446 1374 2487 is
1432 2445 1589 2500 rightly
1639 2443 1874 2486 bracketed
1929 2458 1977 2486 as

1144 2504 1342 2557 spurious
1357 2503 1414 2556 by
1431 2502 1615 2544 Ritschl.
1654 2500 1815 2543 Miiller
1826 2500 1978 2542 thinks

1143 2560 1237 2601 that
1269 2560 1389 2601 there
1417 2559 1543 2600 stood
1574 2559 1619 2599 in
1649 2557 1704 2599 its
1733 2557 1860 2612 place
1886 2558 1979 2599 Hic

1142 2623 1236 2657 erat
1275 2618 1324 2657 in
1359 2616 1473 2657 senis
1508 2615 1810 2669 marsuppium
1849 2628 1976 2669 quem

1143 2673 1314 2714 intendi
1322 2673 1500 2727 primus
1520 2671 1640 2712 ictus.

1200 2735 1293 2771 356.
1347 2732 1447 2770 eim
1458 2730 1607 2778 eom,
1625 2728 1792 2769 ‘aceaes
1805 2732 1852 2768 to
1864 2726 1974 2769 her.’

1143 2787 1267 2828 Trin.
1299 2784 1377 2839 671
1412 2798 1540 2840 quom
1574 2784 1764 2838 inopiast
1796 2784 1976 2838 cupias:

1143 2843 1315 2898 quando
1333 2842 1423 2883 eius
1440 2841 1600 2895 copiast
1617 2846 1711 2881 tum
1732 2853 1820 2880 non
1839 2839 1960 2881 velis.

1142 2955 1172 2997 h
1201 2899 1302 2940 Brix
1322 2898 1470 2940 thinks
1494 2897 1614 2939 there
1633 2905 1747 2939 must
1766 2896 1823 2938 be
1842 2909 1871 2938 a
1888 2909 1976 2952 gap

1175 2969 1263 2997 ere.
