2057 3278
154 81 211 131 11
242 95 287 140 2,
317 70 616 142 241—256]
834 65 1216 119 EPIDICVS
1827 71 1889 120 37

155 211 299 264 Dixit
335 209 406 261 illi
444 209 652 274 quicum
690 203 804 270 ipsa
841 202 964 252 ibat.

816 289 903 336 PF..
980 284 1160 348 Quid?

995 369 1087 418 ΕΡ.
1164 366 1303 414 Tace
1340 377 1460 427 ergo
1499 370 1553 410 ut
1592 357 1787 408 audias.

155 461 436 527 Postquam
485 458 622 508 illam
672 466 789 506 sunt
837 451 1185 516 conspicatae,
1237 446 1393 512 quam
1441 457 1555 494 tuos
1591 453 1774 508 gnatus
1811 439 1895 490 de'·

301 547 461 614 perit:

160 632 355 698 ‘Quam
392 629 540 681 facile
576 640 626 679 et
664 642 817 692 quam
858 623 1113 673 fortunate
1152 616 1322 668 evenit
1361 614 1446 676 illi,
1489 621 1532 662 te
1567 613 1798 670 obsecrO,

166 716 367 770 Mulieri
406 731 560 781 quam
600 713 811 763 liberare
850 707 954 758 volt
992 705 1222 756 amator.’
1299 702 1583 766 “quisnam
1622 697 1661 747 is
1701 694 1850 747 est?'’

167 789 342 869 inquit
381 801 539 851 altera
578 797 682 848 illi:
721 794 790 845 ibi
829 793 914 843 illa
951 790 1185 841 nominat
1222 784 1633 850 Stratippoclem,
1808 795 1901 844 ²45

166 884 471 953 Periphanai
507 884 682 933 silium.

517 970 607 1019 Ρε.
685 964 813 1016 Perii
853 963 1033 1012 hercle.
1110 958 1236 1024 quid
1276 972 1371 1022 ego
1409 971 1472 1004 ex
1510 964 1559 1002 te
1597 949 1792 1001 audio?

167 1059 259 1109 ΕΡ.
338 1056 460 1107 Hoc
496 1052 637 1119 quod
676 1059 910 1101 actumst.
987 1046 1191 1111 (gomet
1220 1054 1494 1107 postquam
1521 1037 1573 1087 id
1603 1037 1712 1085 illas
1736 1032 1908 1084 audivi

309 1139 471 1206 loqui,

170 1225 338 1292 Coepi
378 1240 573 1274 rursum
613 1221 815 1270 vorsum
855 1217 919 1266 ad
959 1215 1069 1264 illas
1107 1209 1417 1278 pausillatim
1456 1206 1718 1262 acce'dere,

172 1310 335 1377 Quasi
372 1308 641 1359 hominum
682 1303 962 1355 retruderet
1000 1315 1082 1349 me
1121 1299 1196 1346 vis
1235 1294 1468 1345 invitum.

1299 1382 1386 1429 Pe.
1467 1377 1734 1439 Intellego.

178 1484 269 1534 ΕΡ.
349 1466 426 1531 sbi
474 1478 558 1529 illa
597 1471 923 1539 interrogavit
969 1471 1142 1520 illam:
1200 1468 1316 1532 ‘qui
1355 1464 1491 1515 scis?
1543 1461 1658 1526 quis
1698 1459 1749 1510 id
1788 1456 1917 1508 dixit

316 1565 478 1616 tibi?'
1823 1558 1920 1607 250

178 1651 356 1715 “Quia
395 1648 552 1700 hodie
589 1643 792 1697 adlatae'
833 1642 1051 1692 tabellae
1091 1642 1208 1686 sunt
1247 1635 1313 1685 ad
1353 1650 1465 1684 eam
1494 1648 1523 1680 a
1551 1627 1918 1692 Stratippocle:

179 1723 319 1788 Eum
356 1742 622 1800 argentum
661 1729 937 1793 sumpsisse
975 1724 1111 1788 apud
1152 1722 1360 1770 Thebas
1391 1718 1456 1767 ab
1485 1714 1686 1766 danista
1713 1714 1921 1762 se'nore:

183 1807 247 1873 fd
285 1828 517 1886 paratum
554 1833 650 1866 esse
683 1816 733 1864 et
771 1829 825 1862 se
864 1811 932 1861 ob
969 1825 1083 1859 eam
1123 1822 1227 1856 rem
1269 1804 1318 1853 id
1360 1800 1530 1852 fe'rre.’'

1238 1890 1325 1937 Pr„
1404 1887 1561 1936 Certo
1606 1897 1701 1947 ego
1739 1876 1923 1930 occidi.

185 1992 277 2042 ΕΡ.
358 1986 506 2037 Haec
544 1983 616 2034 sic
652 1981 789 2032 aibat
829 1996 883 2029 se
920 1973 1174 2026 audivisse
1214 1989 1276 2022 ex
1314 1971 1468 2034 eapse
1494 1968 1666 2016 adlata
1693 1962 1926 2028 epistula.

187 2077 276 2125 Pe.
355 2070 495 2135 Quid
547 2083 643 2133 ego
697 2063 878 2114 faciam
925 2061 1103 2110 minc?
1155 2056 1427 2108 consilium
1472 2069 1502 2102 a
1545 2063 1595 2102 te
1640 2049 1924 2114 expetess0,

326 2153 631 2222 Apoecides.
1827 2149 1852 2181 2
1864 2146 1889 2196 5
1898 2146 1923 2195 5

189 2246 279 2293 ΑΡ.
359 2237 700 2304 Reperiamus
736 2231 932 2298 aliquid
969 2227 1123 2279 calidi
1161 2222 1505 2277 conducibilis
1544 2218 1740 2270 consili.

189 2385 337 2426 larum
365 2378 710 2432 altera...inquit
739 2374 858 2423 mihi,
890 2373 1010 2413 Trin.
1106 2381 1283 2409 rursum
1297 2379 1469 2407 vorsum
1486 2362 1664 2410 trahere,
1683 2360 1733 2401 cs.
1755 2371 1927 2399 sursum

194 2452 290 2494 245.
311 2438 397 2480 and
423 2449 517 2489 247.
1105 2438 1291 2469 vorsum,
1321 2435 1495 2463 sursum
1526 2420 1733 2462 deorsum,
1757 2427 1931 2455 rursum

247 2501 339 2538 241.
397 2497 500 2535 taoe
518 2494 573 2532 ut
592 2491 770 2537 auam,
793 2485 845 2528 cs.
873 2499 913 2524 v.
936 2484 1018 2526 668
1099 2490 1320 2536 prorsum.

191 2554 284 2595 dico
301 2564 371 2606 ego
389 2549 469 2591 tibi
489 2560 605 2588 nunc
625 2551 675 2586 ut
693 2545 809 2585 scias.
1164 2541 1252 2578 253.
1318 2538 1374 2576 ob
1394 2543 1497 2574 eam
1515 2542 1627 2576 rem,
1652 2535 1661 2550 ⁴
1673 2529 1736 2569 sor
1752 2527 1824 2568 the
1838 2540 1931 2580 pur-

250 2613 341 2651 24⁶.
403 2605 690 2653 Periphanai,
710 2600 782 2641 old
796 2612 892 2653 gen.
912 2596 1020 2637 form
1109 2592 1243 2648 pose,'
1257 2605 1315 2633 sc.
1332 2590 1521 2630 mulieris
1536 2585 1779 2627 liberandae
1791 2596 1932 2627 causa,

193 2664 303 2707 from
336 2661 609 2716 Periphanes.
669 2656 737 2698 Cf.
773 2652 1021 2697 Charmidai
1111 2665 1150 2691 v.
1180 2663 1272 2700 244.

198 2721 323 2774 (from
341 2716 612 2765 Charmides)
629 2714 747 2755 Trin.
768 2725 863 2768 359,
884 2710 1022 2751 where
1167 2709 1257 2746 254.
1322 2702 1428 2744 This
1449 2701 1484 2742 is
1508 2699 1636 2742 Ussin
1669 2698 1702 2738 ‘s
1733 2695 1936 2747 reading:

195 2790 267 2819 see
288 2775 427 2817 Brix's
446 2780 561 2814 note.
1116 2765 1187 2802 ‘ex
1199 2768 1316 2815 eapse
1327 2766 1453 2813 alque
1463 2756 1640 2811 epistula
1684 2767 1764 2794 can
1785 2750 1938 2802 hardly

253 2836 345 2874 ω.
421 2838 607 2870 rursum
652 2835 853 2869 vorsum,
892 2821 1022 2863 back·
1113 2818 1253 2860 stand.

199 2888 339 2930 wards
373 2885 573 2931 towards,
614 2883 683 2924 i-e.
724 2879 834 2922 back
881 2877 1022 2942 again.
1169 2877 1261 2914 256.
1320 2872 1472 2912 candi.
1524 2868 1605 2910 See
1626 2880 1666 2905 v.
1695 2879 1785 2917 ¹42·
1832 2862 1940 2914 Livy

201 2943 364 2999 Amph.
414 2943 519 2984 1128
566 2953 634 2994 ego
670 2951 805 2978 cunas
843 2947 1024 2976 recessum
1116 2940 1265 2971 xxxx&
1289 2942 1352 2982 32-
1382 2939 1429 2979 13
1451 2926 1527 2965 has
1542 2922 1723 2981 >consilia
1744 2919 1882 2960 calida
1904 2923 1943 2958 et
