2100 3326
186 146 251 197 54
910 132 1056 181 PLA
1076 132 1208 181 ιη’]

188 268 460 317 Factt'irum
500 266 627 317 dixit
665 269 770 318 rem
809 284 922 318 esse
959 267 1185 318 divinam
1223 267 1383 329 domi,

186 350 323 414 Quia
360 353 406 400 T
411 351 555 401 he'bis
594 353 762 401 salvos
800 351 1016 402 redierit.

856 439 943 487 PE.

185 523 230 569 A
239 535 279 569 P.

1429 129 1540 201 [111
1570 149 1616 197 3,
1645 135 1926 200 415—426

1822 282 1922 334 415

1027 439 1243 488 Rectam
1285 436 1479 487 institit.

360 522 530 571 Immo
570 522 709 585 ipsus
747 519 816 570 illi
855 521 980 570 dixit
1018 521 1333 571 conductam
1373 523 1485 571 esse
1523 537 1635 572 earn

188 607 334 669 Quae
374 606 456 655 hic
494 605 871 656 administraret
909 605 975 657 ad
1014 623 1120 656 rem
1160 604 1387 655 divinam
1427 604 1532 655 tibi.

185 690 482 760 [Facturum
524 693 621 743 hoc
661 691 787 742 dixit
824 709 930 742 rem
970 709 1082 742 esse
1120 690 1347 741 divinam
1387 690 1478 741 tibi
1516 687 1682 759 domi]

187 778 297 842 Ego
336 776 437 825 illic
476 794 558 826 me
597 787 771 827 autem
810 778 882 826 sic
921 774 1298 826 adsimulabam
1336 774 1482 840 quasi

1825 789 1927 835 420

185 861 414 912 Stolidt‘ls
453 861 566 924 sim,
608 862 823 912 bardum
864 863 946 912 me
987 860 1250 911 faciebam.

185 1033 277 1080 ΑΡ.

188 1116 269 1164 Ire
306 1112 602 1163 advocatus.

447 1200 534 1247 PE.

189 1283 470 1334 Revortere
508 1283 573 1332 ad
614 1300 697 1333 nie
736 1284 1013 1346 extemplo,

854 1371 945 1417 ΑΡ.

190 1457 276 1503 PE.

358 1030 463 1078 Res
502 1028 687 1093 magna
725 1028 878 1078 amici
916 1028 1056 1093 apiid
1095 1029 1259 1078 forum
1299 1028 1476 1094 agitur.

1114 946 1203 993 Pr..
1284 946 1452 993 Immo
1491 945 1559 993 ita
1596 944 1760 995 decet.

1554 1029 1601 1079 ei
1637 1029 1756 1079 volo

615 1185 697 1257 Ᾰῖ,
739 1215 949 1262 quaeso,
990 1197 1076 1248 ubi
1116 1197 1207 1248 erit
1245 1199 1404 1248 otium

1027 1366 1292 1418 Continuo
1330 1367 1413 1416 hic
1451 1383 1551 1417 ero.

359 1453 499 1503 Nihil
541 1452 736 1503 homini
776 1452 992 1502 amicost
1031 1453 1325 1516 opportuno
1363 1450 1607 1501 amicius:

1828 1466 1928 1517 425

186 1538 308 1589 Sine
346 1539 436 1588 tuo
474 1538 650 1587 labore
688 1538 827 1601 quod
867 1536 992 1586 velis
1029 1540 1249 1586 actiimst
1288 1549 1474 1586 tamen.

185 1659 380 1700 omitted.
449 1658 499 1698 In
525 1658 700 1698 Plautus
722 1657 884 1696 mirum
906 1657 1016 1710 quin

186 1717 220 1757 is
243 1715 420 1756 ironical
443 1715 526 1754 and
554 1714 772 1767 negatives
798 1714 869 1754 the
896 1713 1014 1754 idea:

188 1774 348 1812 mirum
394 1773 445 1811 ni
486 1778 550 1823 (or
587 1773 697 1810 mira
733 1777 837 1809 sunt
878 1771 944 1814 m')
983 1771 1017 1809 is

186 1829 451 1871 affirmative.
520 1827 616 1868 Brix
640 1841 694 1867 on
718 1827 837 1867 Trin.
856 1840 953 1880 495.

243 1890 335 1926 ⁴1216.
395 1888 568 1925 rectam
589 1887 778 1931 institit,
800 1897 858 1924 sc.
881 1887 1011 1930 viam,

189 1942 300 1984 ·he‘s
334 1955 391 1982 on
426 1941 496 1982 the
533 1941 643 1994 right
677 1940 826 1980 track.‘
887 1941 1015 1993 Capt.

191 2012 269 2054 794
319 2001 473 2038 itinera
525 1999 727 2037 insistant
768 2011 861 2042 sua,
916 1997 1010 2037 Mil.

191 2068 242 2110 79
247 2070 269 2108 3
291 2069 386 2096 erro
400 2069 529 2108 quam
545 2055 719 2093 insistas
731 2054 869 2102 viam,
890 2055 1014 2093 Asin.

191 2127 240 2165 54
280 2119 430 2152 rectam
463 2112 598 2151 instas
631 2111 758 2151 viam.
825 2124 892 2150 vv.
933 2110 1015 2161 416

188 2181 326 2221 —419
368 2181 439 2208 are
474 2167 654 2208 omitted
697 2168 752 2219 by
788 2166 890 2220 JFZ
931 2166 1016 2206 and

190 2225 271 2266 13¹:
306 2223 360 2266 B·-‘
390 2226 541 2265 inserts
573 2224 689 2264 them
722 2223 901 2263 without
933 2237 1016 2275 any

188 2282 309 2323 mark
326 2290 370 2322 to
383 2281 499 2322 shew
510 2289 554 2320 to
572 2280 712 2320 whom
728 2280 827 2333 they
841 2279 1015 2332 belong.

243 2343 333 2379 417.
403 2337 564 2391 Ussing
595 2338 759 2390 objects
795 2347 839 2376 to
878 2339 1017 2377 immo

186 2399 327 2445 ipsus,
364 2395 439 2434 but
474 2394 493 2434 1
531 2408 599 2434 am
642 2403 716 2434 not
749 2393 936 2434 inclined
972 2401 1017 2433 to

188 2452 334 2492 follow
357 2451 445 2491 him
468 2451 511 2491 in
534 2450 633 2490 inde
649 2464 781 2490 orsus.

243 2511 315 2549 nn
325 2525 362 2542 =
373 2508 530 2548 lenoni.

241 2569 333 2605 420.
361 2566 698 2612 quasistondus
710 2563 1015 2616 sm,Geppert

189 2621 348 2676 rightly
359 2621 423 2661 for
434 2621 633 2661 stolidum
645 2633 738 2659 cum
750 2619 858 2660 after
868 2633 933 2659 me
944 2619 1015 2658 ad-

188 2678 458 2718 simulabam.
505 2676 572 2717 Cf.
589 2675 752 2729 Amph.
774 2689 787 2715 1
802 2688 847 2726 15
866 2676 925 2715 ita
941 2676 1014 2715 ad·

188 2734 418 2775 simulavit
437 2747 477 2773 se
496 2734 623 2787 quasi
640 2732 904 2785 Amphitruo
923 2732 1010 2772 siet.

244 2795 335 2831 421.
429 2792 636 2837 bardum,
710 2789 780 2829 i.e.
843 2789 1015 2841 βραδύν,

192 2847 349 2888 Bacch.
393 2848 498 2889 1088
527 2846 662 2892 stulti,
692 2845 849 2894 stolidi,
871 2845 1011 2898 fiztui,

177 2905 332 2958 fungi,
391 2903 528 2951 bardi,
590 2902 749 2947 bienni,
810 2901 1016 2942 baccones.

191 2961 283 3002 Cic.
307 2960 361 3000 de
383 2960 505 3007 Fato,
528 2969 571 2999 V.
605 2971 654 3000 10
675 2959 865 3010 Zopyrus
884 2958 1017 3010 stupi-

189 3017 292 3057 dum
308 3030 388 3058 esse
403 3017 613 3057 Socratem
629 3015 747 3056 dixit
763 3020 802 3055 et
821 3014 1017 3054 bardum.

1159 1658 1397 1701 faciebam,
1431 1655 1472 1696 ·1
1507 1655 1633 1696 made
1669 1655 1828 1709 myself
1856 1664 1932 1697 out

1102 1721 1146 1753 to
1207 1713 1273 1761 be,
1326 1712 1600 1766 represented
1646 1711 1804 1765 mysels
1855 1711 1932 1754 as.’

1106 1769 1201 1809 Mil.
1234 1783 1317 1820 410
1346 1775 1383 1808 te
1400 1769 1567 1822 fidelem
1585 1769 1731 1822 facere
1760 1782 1829 1810 ero
1862 1783 1932 1809 vo·

1102 1827 1239 1872 luisti,
1263 1827 1321 1866 ib.
1352 1838 1454 1877 ¹²43
1483 1832 1532 1866 tu
1560 1831 1597 1866 te
1625 1826 1750 1867 vilem
1759 1825 1930 1879 fame,

1104 1883 1160 1923 ib.
1227 1896 1331 1934 ¹044
1387 1895 1593 1935 magnum
1650 1896 1713 1922 me
1742 1881 1931 1936 faciam,

1106 1940 1198 1980 Cic.
1243 1939 1366 1979 Fam.
1401 1948 1478 1978 xv,
1519 1939 1702 1992 18facio
1731 1953 1796 1980 me
1823 1939 1934 1979 alias

1104 2010 1166 2036 res
1186 2010 1320 2049 agere.
1343 1995 1500 2037 Catull.
1535 2005 1582 2035 x.
1621 1993 1667 2036 16
1699 2001 1749 2035 ut
1768 1995 1938 2049 puellae

1105 2067 1244 2092 unum
1278 2067 1341 2092 me
1356 2052 1547 2105 facerem
1580 2051 1811 2094 beatiorem.
1873 2052 1934 2093 So

1105 2111 1236 2149 ποιεῖν
1265 2108 1505 2163 frequently
1526 2109 1568 2149 in
1598 2108 1926 2150 Demosthenes.

1162 2169 1302 2206 mmo
1321 2169 1392 2206 lta.
1412 2168 1554 2214 decet,
1581 2166 1624 2205 in
1651 2166 1859 2220 approval
1886 2165 1936 2206 of

1106 2222 1221 2263 what
1245 2222 1491 2277 Apoecides
1511 2222 1588 2263 has
1608 2222 1734 2264 done.

1160 2283 1254 2320 423.
1314 2281 1578 2328 advocatus,
1635 2280 1681 2319 ‘a
1725 2277 1934 2320 witness?

1107 2335 1252 2376 Never
1298 2335 1341 2376 in
1394 2335 1569 2376 Plautus
1618 2348 1674 2375 an
1724 2335 1936 2376 advocate

1108 2391 1365 2445 (patronus),
1396 2405 1421 2432 a
1453 2392 1685 2446 post-Aug.
1714 2391 1931 2444 meaning.

1107 2448 1175 2490 Cs.
1199 2449 1364 2503 Amph.
1396 2461 1499 2502 ¹037
1531 2449 1755 2501 Blepharo.
1781 2461 1936 2502 quaeso

1106 2513 1155 2545 ut
1175 2506 1403 2546 advocatus
1424 2507 1489 2545 mi
1503 2505 1619 2546 adsis
1638 2518 1740 2546 neve
1753 2506 1887 2545 abeas.

1160 2566 1254 2602 424.
1313 2564 1530 2603 continuo
1551 2564 1628 2602 mo
1645 2571 1737 2609 ero,
1769 2559 1858 2602 ‘I’ll
1880 2560 1937 2601 be

1106 2619 1219 2659 back
1266 2617 1477 2670 directly.’
1552 2618 1690 2659 Stich.
1736 2616 1790 2670 67
1842 2617 1933 2657 iam

1104 2681 1259 2728 egomet
1287 2676 1354 2715 hic
1386 2688 1468 2716 ero.
1531 2673 1664 2716 often
1697 2673 1790 2714 said
1822 2673 1881 2726 by
1909 2687 1937 2714 a

1105 2745 1206 2772 man
1238 2731 1418 2784 starting
1451 2743 1509 2771 on
1542 2743 1662 2771 some
1694 2731 1849 2772 errand
1889 2738 1938 2771 to

1105 2788 1293 2841 promise
1317 2801 1342 2828 a
1367 2788 1530 2842 speedy
1549 2794 1708 2828 return.
1767 2786 1934 2841 Amph.

1105 2844 1203 2941 929}
1222 2845 1341 2942 Τῑίίίῐὲ.
1364 2857 1485 2898 1109.
1526 2843 1588 2886 So
1605 2842 1699 2885 Mil.
1722 2856 1828 2885 1020
1843 2845 1934 2883 iam

1104 2915 1130 2941 α
1197 2915 1218 2941 e
1235 2915 1281 2942 re
1329 2915 1365 2942 o.

1160 2961 1254 2998 425.
1311 2960 1585 3006 opportuno,
1611 2956 1676 2997 ‘in
1696 2954 1841 2998 need!

1160 3018 1255 3054 426.
1313 3017 1490 3063 tamen,
1510 3026 1558 3055 as
1577 3011 1612 3054 if
1626 3013 1830 3068 quamvis
1847 3011 1936 3054 had
