2057 3310
151 93 200 139 V
229 109 272 152 2,
302 107 327 155 7
341 108 500 154 10—7
514 90 596 160 18]

602 229 690 276 PE.

824 93 1106 142 EPJDJC
1117 92 1198 142 VS
1804 92 1832 139 8
1841 106 1865 155 5

767 228 911 290 Quae
937 228 1076 285 haec,
1105 228 1306 287 malum,
1340 227 1725 291 inpudentiast?
1772 243 1870 289 710

152 307 244 356 ΕΡ.
320 293 486 358 Etiam
525 309 808 360 inclamitor
845 308 988 374 quasi
1026 311 1234 359 servos?

962 395 1046 442 PE.
1126 393 1299 456 Quom
1338 395 1436 442 tu’s
1474 393 1615 452 liber,
1653 393 1869 457 gaudeo.

153 461 245 510 ΕΡ.
323 461 503 522 Merui,
544 474 597 511 ut
634 462 819 512 fierem.

603 546 691 594 PE.
766 547 847 594 Tu
885 544 1145 595 meruisti?

884 629 972 677 ΕΡ.

154 696 275 746 Hoc
310 696 380 746 ita
416 713 540 747 esse.

361 783 447 831 PE.

806 863 895 912 ΕΡ.

150 932 252 996 Abi
289 948 446 997 modo
484 946 626 997 intro.

307 1031 396 1079 PE.

150 1115 242 1161 ΑΡ.

868 1199 953 1247 ΕΡ.

524 782 663 845 Quid
700 791 775 830 est
814 780 1022 845 negoti?

974 864 1083 912 Iam
1123 863 1233 927 ipsa
1270 878 1344 912 res
1382 860 1515 912 dice't
1553 861 1656 912 tibi.

1051 629 1198 679 Visse
1235 628 1380 678 intro.
1457 645 1551 693 ego
1590 630 1704 678 saxo
1744 628 1870 678 scies

472 1030 548 1089 Ei,
577 1031 681 1080 non
703 1032 801 1094 pol
820 1040 1070 1081 temerest.
1134 1030 1342 1080 adserva
1368 1028 1533 1089 istum,
1564 1030 1864 1094 Apoecides.

319 1113 457 1177 Quid
495 1114 625 1172 illue,
667 1113 896 1177 Epidice,
936 1115 1011 1163 est
1050 1112 1257 1178 negoti?

1033 1197 1277 1246 Maxuma
1314 1197 1479 1246 hercle
1517 1194 1696 1245 iniuria
1772 1211 1864 1260 715

150 1280 366 1329 Vinctus
403 1280 566 1340 adst0,
606 1279 789 1344 quoius
827 1280 954 1330 haec
993 1281 1147 1330 hodie
1185 1281 1341 1344 opera
1379 1279 1630 1329 inventast
1667 1280 1783 1328 filia.

150 1364 243 1411 ΑΡ.

319 1350 420 1412 Ain
459 1373 511 1412 tu
550 1374 598 1412 te
635 1363 766 1413 illius
806 1364 1057 1414 invenisse
1095 1365 1288 1412 filiam?

1053 1450 1140 1498 Ep.
1221 1448 1400 1498 Inveni
1439 1451 1489 1498 et
1527 1449 1726 1498 domist.

150 1532 251 1582 Sed
288 1541 343 1581 ut
375 1534 664 1582 acerbumst
699 1535 789 1598 pro
815 1532 1093 1584 benefactis
1120 1532 1275 1597 quom
1303 1531 1421 1581 mali
1448 1534 1650 1582 messim
1680 1544 1838 1582 metas
1862 1537 1870 1580 ἶ

150 1667 283 1707 neque
298 1668 365 1708 egv
385 1655 563 1707 indigno
593 1655 809 1709 Geppert:
843 1669 971 1708 neque

150 1710 264 1760 bono,
284 1716 416 1764 gnato
441 1710 613 1765 Ussing.

207 1770 298 1807 710.
356 1769 542 1811 malum,
565 1767 636 1807 the
666 1766 962 1815 exclamation,

153 1821 389 1862 ‘consound
411 1822 476 1870 it,‘
502 1822 592 1863 ‘the
609 1821 830 1863 mischief.’
874 1823 967 1862 The

150 1891 267 1918 same
296 1877 488 1918 half-line
518 1892 624 1932 quae
651 1879 761 1927 haec,
787 1879 965 1927 malum,

153 1933 471 1986 inpudentiast?
519 1947 666 1975 occurs
709 1935 826 1974 Men.
872 1946 966 1986 794.

154 1989 248 2029 Mil.
300 2002 379 2041 447
428 1990 544 2043 quid,
597 1990 772 2039 malum,
827 1989 969 2030 astas?

154 2045 310 2086 Bacch.
345 2044 425 2098 673
461 2047 577 2099 quid,
619 2047 797 2092 malum,
833 2047 971 2098 igitur

150 2102 275 2141 stulte
294 2101 402 2147 &eq
424 2100 514 2142 Cic.
537 2101 592 2142 ad
614 2104 705 2142 Att.
739 2112 799 2142 xx.
837 2103 882 2142 18
903 2108 965 2148 tu,

153 2157 333 2206 malum,
356 2157 532 2210 inquies.
553 2163 691 2197 actum
715 2172 766 2198 ne
783 2171 898 2209 agas.

209 2217 299 2253 711.
338 2215 597 2254 inclamitor
617 2213 844 2254 ‘scolded.‘
870 2214 903 2253 F
907 2226 968 2254 es-

152 2276 219 2309 tus
251 2282 294 2322 p.
335 2270 410 2310 108
439 2269 673 2309 inclamare
704 2270 901 2309 conviciis
934 2276 972 2308 et

154 2324 377 2364 maledictis
413 2325 649 2374 consectari,
724 2325 818 2365 Mil.
865 2338 913 2365 10
918 2337 940 2376 3
947 2338 966 2375 5

155 2394 219 2420 me
265 2380 490 2420 inclamato
537 2381 643 2433 quia
681 2381 741 2420 sic
779 2387 816 2420 te
854 2381 971 2433 volgo

153 2437 333 2490 volgum,
379 2435 484 2476 Cist.
532 2434 608 2479 106
648 2436 778 2476 nolito
816 2436 973 2476 acriter

153 2505 249 2533 eum
271 2492 516 2531 inclamare.
577 2491 682 2532 This
708 2492 743 2532 is
771 2491 843 2532 the
870 2491 971 2544 only

155 2561 331 2602 passage
350 2547 510 2601 quoted
538 2546 602 2587 sor
630 2548 702 2588 the
729 2548 970 2600 frequenta·

154 2604 239 2644 tive
259 2604 383 2644 form.

210 2669 346 2706 quom
378 2657 470 2699 tu’s
498 2661 628 2705 uber,
658 2661 849 2708 gaudeo,
888 2659 969 2698 iro-

155 2716 276 2755 nice:
316 2714 371 2755 cf.
413 2715 531 2755 Men.
578 2726 682 2767 1033
732 2715 870 2761 Salve,
912 2715 975 2754 mi

146 2777 340 2824 patrone,
372 2783 498 2824 quom
529 2776 577 2810 tu
606 2770 758 2811 liberas
783 2784 846 2810 me
867 2771 972 2811 serio

148 2826 322 2879 gaudeo,
373 2826 495 2866 Asin.
541 2839 617 2878 411
662 2826 780 2867 hodie
817 2826 975 2866 salvere

155 2882 264 2922 iussi
310 2881 528 2922 Libanum
582 2881 815 2922 libertum?
883 2883 970 2921 iam

156 2943 330 2978 manust
345 2937 517 2977 emissus
530 2936 551 2978 ?

1107 1659 1197 1694 712.
1257 1656 1414 1702 merul,
1441 1658 1494 1693 ut
1528 1657 1691 1694 nerem.
1739 1654 1864 1707 Capt.

1053 1724 1103 1761 42
1114 1724 1131 1750 2
1157 1711 1352 1749 meritust
1373 1716 1420 1748 ut
1435 1710 1635 1749 laudetur
1651 1710 1863 1754 laudibus,

1060 1766 1216 1806 Bacch.
1246 1767 1363 1817 1184.

1110 1827 1199 1862 713.
1247 1824 1356 1870 qum
1377 1825 1447 1861 est
1468 1824 1653 1867 negem?
1676 1821 1768 1860 Mil.
1789 1833 1866 1873 279

1052 1878 1157 1931 quid
1173 1877 1372 1928 nqgrotist?
1400 1877 1560 1930 Amph.
1594 1890 1671 1928 574
1692 1877 1798 1929 quid
1812 1884 1869 1917 est

1053 1934 1213 1985 negoti?
1271 1933 1402 1974 Osten
1425 1933 1579 1985 simply
1600 1933 1705 1986 quid
1722 1933 1806 1972 est?

1109 1993 1210 2038 ipsa
1225 2000 1297 2029 res
1313 1992 1445 2028 dicet.
1506 1989 1626 2028 Trin.
1650 1999 1720 2036 ποῖ
1743 1988 1789 2027 id
1807 1990 1868 2028 ita

1053 2059 1132 2085 csse
1167 2052 1214 2084 ut
1248 2045 1387 2085 credas
1427 2058 1510 2084 rem
1551 2045 1625 2083 tibi
1661 2051 1867 2083 auctorem

1053 2101 1168 2140 dabo.
1230 2101 1330 2140 Aul.
1369 2114 1447 2153 413
1491 2114 1554 2140 res
1593 2101 1685 2154 ipsa
1723 2101 1868 2140 testist.

1055 2156 1119 2197 Cf.
1148 2158 1248 2196 αὐτὸ
1271 2158 1402 2205 δείξει.

1110 2217 1199 2253 ⁷14.
1259 2223 1350 2253 non
1376 2216 1619 2252 temerest:
1648 2211 1869 2265 nonsarte.

1055 2282 1138 2307 non
1162 2275 1320 2316 temere,
1348 2281 1431 2307 non
1441 2265 1745 2320 frustra=oiix
1767 2269 1867 2311 ἐτός,

1059 2327 1155 2364 ‘not
1196 2323 1259 2364 for
1298 2323 1510 2376 nothing‚'
1555 2324 1621 2363 i.e.
1667 2324 1720 2363 he
1760 2332 1869 2363 must

1054 2380 1162 2420 have
1184 2393 1300 2420 some
1316 2380 1430 2432 good
1447 2392 1595 2419 reason
1612 2379 1675 2419 sor
1691 2379 1871 2432 wishing

1055 2449 1123 2476 me
1159 2444 1202 2476 to
1236 2449 1291 2488 go
1327 2436 1370 2475 in
1404 2436 1489 2475 and
1525 2448 1606 2475 see.
1668 2435 1734 2476 Cf.
1769 2435 1868 2474 Aul.

1055 2490 1137 2533 616
1178 2505 1261 2530 non
1302 2498 1448 2531 temere
1484 2497 1543 2531 est
1579 2491 1693 2543 quod
1726 2504 1872 2530 corvus

1055 2554 1200 2587 cantat
1231 2547 1282 2586 ab
1312 2548 1445 2593 laeva,
1482 2547 1635 2586 Bacch.
1675 2545 1756 2596 670
1786 2560 1869 2585 non

1045 2604 1184 2656 placet
1205 2616 1276 2642 nec
1297 2609 1493 2647 tcmerest.
1518 2602 1650 2642 Most.
1673 2601 1749 2642 681
1786 2615 1870 2641 non

1057 2658 1287 2712 milziforte
1312 2659 1452 2698 visum
1474 2659 1568 2697 ilico
1586 2658 1696 2710 fuit.
1760 2657 1869 2697 Peri-

1055 2715 1217 2768 phanes
1233 2727 1334 2768 goes
1351 2716 1394 2754 in
1411 2722 1454 2754 to
1471 2727 1554 2754 see.
1610 2713 1865 2766 Apoecides,

1055 2770 1129 2811 left
1161 2778 1204 2810 to
1234 2771 1343 2823 keep
1374 2783 1427 2810 an
1458 2783 1534 2822 eye
1563 2782 1618 2809 on
1648 2769 1863 2822 Epidicus,

1057 2827 1273 2879 questions
1294 2825 1397 2866 him.

1112 2886 1201 2922 718.
1263 2885 1423 2925 metas.
1458 2883 1553 2920 ‘one
1579 2880 1729 2932 reaps,'
1751 2879 1869 2920 inde-

1055 2936 1172 2978 finite
1199 2950 1272 2978 use
1300 2936 1347 2977 of
1372 2936 1455 2976 2nd
1482 2935 1764 2989 personzfr.
1794 2949 1864 2985 on,
