2100 3326
243 160 306 208 66
961 157 1106 206 PLA
1127 157 1173 204 V
1174 157 1258 205 TI

244 298 338 344 ΡΗ.

383 375 684 441 pudicitiam
724 374 934 439 pepulit.

1493 152 1591 222 [IV
1625 173 1663 214 1,
1695 154 1967 218 541—548

420 291 576 342 Plane
628 293 710 341 hic
767 291 848 341 ille
893 300 982 350 est,
1042 289 1128 354 qui
1184 288 1308 338 mihi
1360 291 1411 338 in
1464 290 1727 352 Epidauro
1778 288 1972 352 primus

246 464 333 510 PE.
409 462 556 524 Quae
612 476 727 509 meo
780 459 1057 522 conpressu
1120 455 1316 521 peperit
1380 454 1553 515 filiam,
1618 470 1771 519 quam
1834 452 1974 504 domi

384 562 523 594 nunc
560 545 741 592 habeo.

248 628 388 691 Quid
428 627 467 677 si
505 627 687 676 adeam
705 629 795 676 ?—

530 712 624 758 ΡΗ.

705 707 939 758 Hauscio
977 706 1041 756 an
1080 706 1448 772 congrediar—

1086 794 1171 840 PE.

1253 792 1302 841 Si
1341 792 1469 840 haec
1509 798 1629 846 east,

1350 875 1444 922 ΡΗ.
1524 872 1574 922 Si
1614 871 1654 920 is
1692 873 1768 921 est
1806 871 1977 929 hom0,

249 967 337 1012 PE.
416 961 553 1012 Anni
593 960 737 1010 multi
776 960 986 1010 dubiam
1026 957 1150 1007 mihi
1188 959 1327 1017 dant,

1882 1053 1977 1102 545

981 1209 1245 1259 Muliebris
1285 1207 1354 1256 mi
1393 1206 1688 1258 adhibenda
1726 1203 1979 1254 malitiast.

249 1050 345 1097 PH.
422 1047 602 1111 Longa
639 1045 748 1095 dies
787 1061 957 1094 meum
998 1043 1210 1093 incertat
1249 1041 1510 1091 animum:

251 1134 336 1180 PE.
418 1130 571 1179 Hanc
610 1129 909 1193 congrediar
947 1126 1071 1176 astu.

806 1213 902 1260 PH.

252 1301 339 1347 PE.
420 1297 757 1361 Conpellabo.

599 1385 694 1431 ΡΗ.
775 1379 1033 1431 Orationis
1071 1378 1233 1428 aciem
1273 1389 1453 1428 contra
1490 1376 1762 1426 cdnferam.

252 1471 341 1518 PE.
419 1467 566 1518 Salva
603 1467 683 1516 sis.

531 1553 627 1599 ΡΗ.
707 1551 932 1600 Salutem
971 1547 1168 1612 accipio
1206 1545 1275 1595 mi
1315 1548 1363 1596 et
1403 1543 1540 1594 meis.

312 1909 403 1945 541.
464 1903 549 1943 lzz'cz'
566 1901 594 1955 {ll
614 1916 665 1942 ne
684 1908 740 1942 est
763 1902 811 1947 B,
834 1901 994 1940 hiccine
1023 1907 1082 1940 est

253 1962 384 2016 JFZ
424 1960 598 2000 whence
643 1959 778 1999 Goetz
820 1958 961 1997 hicine
1005 1963 1076 2003 est,

258 2018 397 2057 which
429 2016 515 2056 will
546 2029 601 2055 no
633 2015 769 2055 doubt
795 2014 934 2054 stand.
997 2013 1078 2053 But

257 2075 324 2114 hic
346 2074 416 2113 ille
437 2079 494 2112 est
522 2071 556 2112 is
587 2072 658 2111 the
688 2072 854 2124 regular
875 2069 998 2118 form,
1024 2068 1077 2110 cf.

259 2130 356 2179 621,
382 2129 500 2169 Trin.
528 2140 595 2178 43,
623 2128 753 2167 Most.
782 2128 871 2178 158.

315 2190 407 2226 542.
467 2195 584 2231 quae
605 2194 718 2230 meo,
741 2182 993 2235 continuing
1013 2181 1079 2221 his

258 2242 398 2283 words
419 2240 527 2280 from
552 2252 643 2292 540.

316 2303 406 2338 543.
466 2298 746 2344 congrediar,

259 2355 380 2398 him,'
405 2353 601 2404 military.

320 2411 460 2450 There
508 2410 542 2449 is
592 2407 798 2460 difficulty
838 2407 968 2447 about
1009 2406 1080 2446 the

262 2467 440 2519 reading
479 2465 562 2504 and
603 2463 876 2504 distribution
917 2462 964 2502 of
1010 2463 1081 2502 the

263 2523 403 2563 words
423 2523 466 2561 in
488 2522 560 2561 the
582 2528 666 2560 two
688 2528 787 2560 next
816 2519 934 2558 lines.
1000 2519 1081 2559 See

266 2579 441 2631 Ussing,
486 2577 583 2616 who
632 2577 666 2616 is
714 2575 916 2616 followed
965 2575 1080 2615 here.

264 2635 524 2688 Periphanes
560 2633 645 2672 and
681 2632 882 2684 Philippa
913 2644 1083 2683 express

263 2688 863 2741 simultaneously—unheard
903 2687 960 2740 by
999 2700 1081 2727 one

264 2745 573 2787 another—the
633 2758 748 2784 same
797 2743 979 2796 thought
1039 2743 1082 2782 in

264 2803 459 2843 different
481 2801 634 2841 words.

321 2863 411 2898 544.
471 2860 584 2897 dant
594 2857 819 2910 :faciunt,
840 2855 1034 2894 reddunt.

320 2919 410 2955 545.
473 2916 684 2953 incertat.
746 2911 914 2951 Nonius
932 2925 975 2964 p.
1004 2925 1078 2964 123

265 2972 452 3019 incertat,
477 2971 685 3009 incertum
695 2970 818 3020 jacit.

323 3031 413 3067 546.
473 3029 593 3075 astu,
619 3025 745 3078 Capt.
774 3037 848 3064 221
875 3037 976 3063 nam
999 3024 1087 3063 doli

794 2297 803 2314 ‘
814 2295 926 2335 close
978 2294 1079 2334 with

1307 1633 1396 1679 PE.
1475 1628 1614 1692 Quid
1652 1630 1915 1678 ceterum?

1163 1913 1249 1939 non
1271 1899 1359 1938 <loli
1376 1904 1479 1938 sunt
1499 1899 1591 1938 nisi
1609 1904 1704 1938 astu
1725 1898 1849 1938 colas.
1891 1898 1987 1938 The

1167 1955 1321 2010 phrase
1344 1955 1378 1995 is
1400 1954 1600 2007 military,
1628 1968 1673 1995 as
1694 1955 1848 1994 above.

1222 2014 1415 2060 malitia,
1449 2011 1489 2051 ‘I
1521 2018 1633 2051 must
1661 2011 1786 2064 bring
1814 2018 1858 2050 to
1886 2011 1989 2050 bear

1168 2081 1239 2120 my
1261 2066 1466 2107 woman’s
1488 2066 1703 2120 cunning.'
1763 2067 1915 2106 Malus
1945 2067 1989 2106 in

1168 2124 1348 2176 comedy
1397 2123 1570 2177 applied
1622 2131 1666 2163 to
1721 2136 1898 2176 persons
1954 2122 1990 2163 is

1169 2180 1370 2233 cunning,
1434 2179 1615 2228 shrewd‚
1675 2179 1863 2232 roguish,
1913 2186 1988 2219 not

1168 2236 1325 2288 always
1346 2236 1446 2276 bad.
1498 2236 1588 2276 Cic.
1622 2235 1676 2275 ad
1698 2236 1791 2275 Att.
1814 2245 1890 2275 XV.
1921 2233 1987 2275 26.

1169 2310 1193 2343 4
1245 2293 1334 2332 nisi
1377 2299 1452 2331 tua
1503 2292 1672 2331 malitia
1730 2290 1980 2344 adfuisset:

1168 2349 1448 2395 shrewdness‚
1491 2347 1583 2387 Mil.
1633 2360 1709 2401 190
1747 2361 1790 2386 os
1826 2347 1988 2393 habeat,

1167 2405 1378 2457 linguam,
1452 2404 1695 2457 perfidiam,
1775 2403 1989 2443 malitiam

1168 2467 1292 2514 atque
1311 2461 1554 2500 audaciam.

1225 2522 1313 2558 547.
1383 2519 1604 2556 orationis
1652 2518 1795 2555 aciem
1843 2518 1988 2555 confe-

1168 2583 1283 2619 ram,
1327 2573 1372 2612 ‘I
1415 2572 1504 2611 will
1544 2585 1656 2611 mass
1696 2585 1768 2623 my
1808 2572 1894 2611 line
1945 2570 1995 2610 of

1170 2629 1326 2682 speech
1336 2635 1380 2668 to
1388 2636 1499 2668 meet
1510 2627 1600 2667 him
1610 2627 1766 2667 '-—still
1776 2626 1963 2679 military
1979 2641 1985 2666 :

1169 2685 1222 2725 cf.
1253 2685 1381 2738 signa
1411 2683 1607 2737 conferre,
1633 2683 1710 2723 δερ.
1770 2683 1893 2735 They
1914 2696 1988 2735 ap-

1170 2742 1330 2794 proach
1352 2754 1433 2780 one
1455 2740 1649 2780 another.

1225 2801 1314 2837 548.
1403 2798 1514 2844 quid
1557 2800 1757 2835 ceterum
1770 2795 1988 2836 ‘.²=‘what

1170 2852 1302 2893 else?’
1335 2853 1403 2892 i.e.
1442 2852 1540 2904 why
1573 2851 1694 2891 don’t
1729 2864 1813 2903 you
1844 2859 1987 2891 return

1171 2923 1242 2962 my
1281 2909 1499 2962 greeting?
1558 2908 1714 2947 Bacch.
1760 2921 1838 2958 245
1879 2909 1987 2961 quin

1166 2966 1428 3060 {ludscglutem
1454 2964 1654 3017 primum
1687 2964 1828 3004 reddis
1858 2977 1989 3017 quam

1194 3035 1214 3061 e
1244 3036 1274 3061 z.
