2057 3310
141 120 219 170 IV
250 135 289 177 1,
322 113 614 182 549—557]
813 114 1192 164 EPIDJCVS
1795 114 1857 174 67

142 254 235 301 ΡΗ.
313 249 486 301 Salvos
525 249 621 299 sis:
660 249 801 312 quod
839 246 1097 297 credidisti
1135 246 1308 296 reddo.

1070 332 1156 379 PE.
1235 331 1395 380 Haud
1432 330 1618 378 accuso
1657 328 1828 378 fidem.

144 416 314 467 Novin
354 433 450 480 ego
489 417 576 465 te?

271 504 365 551 PH.
445 500 495 551 Si
522 503 615 564 ego
642 510 692 548 te
719 497 852 556 novi,
882 495 1110 545 animum
1138 496 1379 545 inducam
1408 507 1462 544 ut
1490 493 1702 544 noveris.
1769 510 1866 558 550

146 588 234 635 ΡΕ.
311 569 410 635 Vbi
448 596 497 634 te
535 581 770 633 visitavi?

560 670 654 717 PH.
735 666 917 730 Inique
955 664 1193 714 iniuriu's.

979 752 1067 798 PE.
1145 749 1286 812 Quid
1324 748 1466 798 iam?

1256 834 1350 880 PH.
1430 831 1564 894 Quia

147 920 289 969 Tuae
328 916 603 967 memoriae
641 915 956 980 interpretari
995 931 1077 965 me
1115 917 1333 979 aequom
1372 931 1565 964 censes,

1395 1000 1481 1048 Ρε.
1561 999 1831 1051 Conmode

149 1086 449 1137 Fabulata’s.

289 1171 383 1218 PH.
464 1169 594 1216 Mira
632 1168 690 1215 ni
723 1183 804 1216 me
842 1165 992 1216 noris.

843 1253 930 1299 Ρε.
1009 1251 1104 1298 Em
1144 1252 1274 1299 istuc
1312 1249 1548 1299 rectiust:

154 1336 472 1388 Meministin
494 1338 514 1384 ?

360 1423 456 1470 PH.
535 1420 713 1486 Quid?

569 1505 657 1552 PE.
738 1502 1055 1552 Meministin
1096 1512 1148 1551 tu
1187 1503 1237 1550 in
1278 1500 1540 1564 Epidauro

1334 1586 1430 1635 PH.
1508 1588 1565 1644 A,
1613 1586 1806 1649 guttula

156 1674 336 1722 Pectus
374 1671 558 1720 ardens
595 1669 663 1718 mi
701 1668 1012 1734 adspersisti.

850 1754 938 1800 ΡΕ.
1015 1752 1208 1816 Virgini
1247 1753 1587 1816 pauperculae

152 1842 398 1903 Tuaeque
435 1837 581 1887 matri
620 1839 700 1887 me
739 1838 904 1886 levare
943 1839 1333 1901 paupertatem?

1199 1921 1293 1968 PH.
1371 1921 1503 1968 Tun'
1543 1920 1581 1968 is
1621 1936 1687 1978 es,

158 2008 259 2070 Qui
281 2022 370 2070 per
391 2007 701 2068 voluptatem
726 2016 863 2054 tuam
885 2004 935 2053 in
963 2019 1043 2052 me
1068 2008 1363 2053 aerumnam
1386 2003 1627 2053 obsevisti
1647 2004 1878 2066 gravem?

1779 1767 1870 1816 555

215 2181 306 2217 549.
367 2177 485 2222 quod
507 2176 741 2215 credidmu
760 2176 912 2217 reddo,
939 2173 979 2212 ‘1

159 2233 262 2286 duly
283 2239 426 2272 return
454 2230 567 2270 what
594 2243 676 2282 you
699 2229 915 2269 entrusted
938 2238 981 2269 to

158 2302 241 2335 me,
279 2288 347 2328 i.e.
380 2288 449 2327 the
483 2286 725 2326 salutation.
787 2286 856 2324 Re
861 2285 972 2325 ido:

159 2344 264 2397 duly
285 2351 329 2384 to
359 2356 454 2396 pay,
480 2351 622 2382 return
651 2349 694 2381 to
723 2341 795 2381 the
824 2354 979 2394 proper

161 2413 365 2454 person:
378 2397 616 2445 ἀποδίδωμι.
682 2397 750 2437 Cf.
773 2411 813 2435 v.
837 2397 904 2448 48.

216 2460 307 2496 550.
366 2457 551 2495 novin:
563 2467 702 2492 nonne
723 2453 847 2492 novi?

215 2514 419 2553 ammam
455 2512 668 2549 inducam
702 2512 755 2548 ut
788 2510 979 2553 noveris,

168 2568 212 2608 ‘1
249 2567 337 2607 will
377 2565 502 2618 bring
542 2563 696 2617 m)self
731 2573 775 2604 to
815 2563 980 2603 believe

163 2624 255 2663 that
276 2635 359 2676 you
380 2622 509 2661 know
529 2634 612 2660 me.

219 2683 308 2720 551.
361 2680 515 2724 imque
535 2675 760 2721 iniuriu's,
786 2680 889 2738 ‘you
909 2687 981 2714 are

163 2733 416 2786 shamefully
437 2729 603 2778 unfair‚'
627 2731 718 2771 Mil.
753 2743 831 2782 437
864 2731 979 2770 miu-

165 2803 230 2829 rea
235 2791 281 2829 's.

224 2847 336 2894 quid
354 2847 465 2889 lam,
486 2857 524 2882 v.
550 2844 642 2895 285.

221 2905 312 2941 552.
359 2898 982 2951 interpretari=interpretem

165 2970 246 2996 esse
263 2961 361 2995 tuae
381 2955 614 2994 memoriae.

1120 2177 1209 2212 553.
1252 2175 1666 2213 mnammenoris.
1709 2173 1766 2214 So
1783 2173 1880 2212 Aci·

1066 2228 1218 2268 dalius.
1272 2228 1337 2269 Cf.
1362 2229 1522 2282 Amph.
1550 2231 1626 2282 283
1650 2229 1759 2268 mira
1780 2235 1883 2268 sunt

1068 2285 1155 2323 nisi
1183 2285 1388 2324 invitavit
1413 2298 1490 2325 sese
1516 2287 1560 2324 in
1590 2299 1687 2324 cena
1709 2285 1880 2338 pluscu-

1067 2340 1172 2379 lum.

1123 2400 1210 2435 555.
1331 2399 1613 2441 adspersisn,
1709 2395 1880 2448 ‘you’ve

1067 2451 1227 2491 dashed
1257 2460 1386 2492 water
1414 2453 1499 2497 on,’
1528 2452 1595 2492 i.e.
1622 2452 1786 2504 allayed
1810 2451 1880 2491 the

1069 2507 1182 2547 sever
1199 2508 1256 2552 in,
1276 2521 1346 2560 my
1362 2508 1545 2561 burning
1559 2508 1712 2548 breast.
1755 2507 1879 2546 Truc.

1071 2562 1149 2615 365
1204 2563 1306 2602 Din.
1357 2564 1417 2602 ita
1467 2566 1610 2602 animo
1660 2563 1768 2602 male
1811 2568 1880 2602 est.

1071 2619 1227 2659 Phron.
1256 2633 1390 2664 mane,
1414 2620 1582 2672 aliquid
1591 2619 1675 2672 fiet
1686 2636 1698 2659 .·
1729 2632 1780 2658 ne
1800 2617 1880 2657 abi.

1071 2674 1172 2713 Din.
1243 2675 1345 2715 Alc!
1406 2675 1648 2728 adspersistz'
1706 2687 1874 2726 aquam,

1072 2730 1226 2770 Bacch.
1296 2730 1375 2782 246
1438 2732 1586 2777 Euax,
1646 2729 1889 2778 adspersisti

1070 2799 1245 2839 aquam.

1126 2846 1217 2882 556.
1304 2845 1456 2882 levare
1524 2841 1766 2894 dependent
1829 2853 1885 2880 on

1072 2897 1335 2937 meministin
1358 2897 1400 2937 in
1424 2911 1517 2949 554.

1127 2956 1217 2992 557.
1273 2956 1322 2993 in
1359 2963 1430 2993 me
1464 2962 1728 2992 aerumnam
1762 2954 1885 2992 obse-
