2057 3310
156 133 232 179 IV
260 148 302 191 2,
334 131 627 200 584—594]
822 135 1198 196 EPIDICVS
1805 152 1864 198 71

153 269 244 316 Ac.
321 269 462 331 Quid
499 271 676 333 loquar
717 269 835 319 vis?

545 354 634 400 PE.
714 353 860 401 Hae'c
899 362 1048 416 negat
1086 369 1138 401 se
1179 356 1315 401 tuam
1354 369 1464 402 esse
1502 364 1727 403 matrem.

1462 440 1554 486 AC.
1631 439 1710 487 Ne'
1749 439 1868 496 fuat,

150 516 201 565 Si
238 531 342 564 non
379 517 497 566 volt.
574 516 813 580 equidem
840 515 933 566 hac
960 517 1117 566 invita
1143 516 1246 566 tarn
1274 534 1358 567 ero
1386 519 1557 568 matris
1584 520 1696 568 filia.
1770 522 1863 584 585

152 600 270 648 Non
309 600 428 648 med
464 599 626 649 istanc
663 601 843 665 cogere
880 612 1147 665 aequomst
1191 603 1357 651 meam
1403 618 1512 651 esse
1558 613 1782 663 matrem,
1827 604 1869 651 si

289 683 473 730 nevolt.

151 766 238 812 PE.
315 764 459 827 Quor
495 781 578 814 me
614 764 763 828 igitur
800 767 995 828 patrem
1033 767 1293 815 vocabas?

841 850 932 897 Ac.
1009 849 1120 896 Tua
1159 848 1314 899 istaec
1353 852 1567 913 culpast,
1596 851 1700 900 non
1739 867 1868 900 mea.

150 929 270 978 Non
305 939 498 993 patrem
542 945 636 994 ego
683 941 731 980 te
775 931 1054 991 nominem,
1104 933 1191 982 ubi
1236 945 1287 983 tu
1333 933 1470 983 tuam
1516 951 1596 984 me
1641 935 1870 998 adpelles

287 1011 482 1060 filiam?

152 1092 305 1142 Hanc
342 1109 546 1157 quoque
585 1094 737 1142 etiam
777 1095 817 1142 si
855 1110 936 1143 me
973 1096 1194 1159 adpellet
1232 1097 1402 1158 filiam,
1435 1099 1641 1147 matre'm
1670 1113 1863 1146 vocem.

150 1177 315 1240 Negat
367 1176 492 1224 haee
536 1174 685 1224 filiam
732 1192 813 1225 me
857 1193 999 1225 suam
1046 1194 1171 1239 esse,
1218 1178 1322 1228 non
1367 1197 1484 1244 ergo
1534 1181 1658 1230 haec
1711 1182 1871 1229 mate‘r

287 1268 459 1308 meast.
1768 1280 1867 1327 590

149 1343 412 1392 Postremo
467 1342 593 1391 haec
643 1357 755 1390 mea
808 1344 957 1405 culpa
1014 1360 1117 1393 non
1173 1359 1278 1394 est:
1341 1348 1472 1409 quae
1528 1345 1696 1405 didici,
1763 1347 1866 1395 dixi

287 1425 470 1476 omnia.

148 1496 390 1574 Epidicus
429 1508 549 1558 mihi
588 1508 679 1557 fuit
715 1509 964 1573 magister.

768 1595 856 1641 PE.

937 1593 1079 1652 Perii,
1120 1597 1398 1658 plaustrum
1440 1596 1674 1659 perculitl

148 1680 238 1726 Ac.
316 1675 582 1740 Numquid
620 1692 714 1740 ego
751 1675 835 1735 ibi,
876 1680 1031 1740 pater,
1070 1681 1315 1742 peccavi?

801 1764 886 1810 PE.

964 1762 1013 1812 Si
1051 1763 1216 1813 he'rcle
1255 1775 1302 1814 te
1342 1781 1582 1828 umquam
1623 1765 1865 1814 audivero

149 1845 236 1894 Me
274 1854 467 1908 patrem
503 1843 699 1901 vocare,
739 1843 893 1893 vitam
934 1849 1071 1894 tuam
1113 1862 1206 1909 ego
1245 1845 1563 1895 interimam!

199 2151 288 2187 584.
351 2157 407 2186 ne
427 2149 540 2194 fuat,
567 2161 606 2184 v.
630 2159 722 2200 595.

199 2207 289 2242 585.
347 2206 459 2250 tam,
503 2202 603 2254 ‘just
631 2215 676 2242 as
698 2202 855 2243 rnuch.’
882 2203 961 2242 ‘all

144 2258 215 2298 the
236 2256 583 2298 same'ztamen.
634 2257 698 2297 Cf.
726 2260 953 2298 tam-etsi:

143 2321 283 2353 tamen
303 2314 389 2361 etsi,
421 2319 510 2352 tam
533 2313 729 2365 gralz'ast.
795 2314 959 2360 Festus,

144 2383 187 2422 p.
229 2369 310 2420 360
348 2369 540 2421 Antiqui
584 2374 671 2407 tam
721 2369 845 2408 etiam
881 2376 961 2421 pro

142 2432 282 2464 tamen
305 2425 376 2464 usi
393 2430 508 2463 sunt.
550 2423 630 2464 See
652 2423 751 2463 Brix
766 2438 820 2464 on
839 2424 955 2465 Men.

147 2494 168 2532 3
199 2492 291 2575 ἔζεε.
350 2537 517 2583 nevolt,
541 2548 581 2573 v.
605 2548 672 2583 4²·

199 2595 290 2632 587.
348 2593 432 2630 tua
460 2593 603 2629 istaec
632 2592 823 2635 culpast,
848 2590 959 2630 ‘that

142 2648 178 2687 is
207 2660 310 2699 your
340 2645 479 2693 fault‚'
514 2647 634 2685 istaec
667 2645 766 2685 fem.
799 2646 856 2698 by
887 2646 958 2686 the

144 2701 309 2754 regular
328 2700 553 2741 attraction
574 2708 617 2740 to
638 2700 709 2740 the
736 2702 896 2753 gender
916 2701 965 2741 of

143 2758 278 2810 culpa.
361 2756 478 2796 Trin.
524 2754 602 2809 697
654 2757 690 2795 z‘s
729 2762 787 2796 est
832 2757 958 2796 honos

142 2812 311 2853 homini
333 2812 485 2864 pudico
515 2813 745 2852 meminisse
774 2813 956 2864 ffcz'um

141 2881 270 2908 suom.
333 2867 390 2908 So
411 2868 507 2907 haec
528 2880 618 2908 mea
638 2868 760 2920 culpa
782 2881 865 2907 non
886 2874 956 2914 est,

144 2938 184 2962 v.
209 2935 230 2974 5
267 2937 302 2963 1.

199 2937 290 3018 5991.
347 2988 464 3024 quae
490 2980 639 3027 didici,
665 2981 758 3018 dixi
788 2981 951 3028 omnia,

1390 1931 1482 1978 Ac.
1561 1930 1679 1979 Non
1719 1945 1860 1978 voco

1047 2148 1116 2187 i.e.
1136 2148 1176 2187 ‘I
1200 2161 1285 2188 was
1307 2148 1396 2187 told
1419 2156 1461 2188 to
1483 2162 1556 2200 say
1577 2149 1824 2203 everything
1843 2150 1861 2189 Ι

1049 2203 1120 2242 did
1144 2203 1244 2256 say‚⁷
1279 2204 1389 2244 ‘I've
1410 2204 1509 2255 only
1531 2205 1728 2257 repeated
1751 2207 1864 2245 what

1051 2259 1071 2298 Ι
1113 2272 1197 2298 was
1237 2259 1359 2298 told.'
1432 2260 1560 2300 Poen.
1602 2272 1682 2313 904
1720 2263 1862 2300 omnia

1050 2328 1253 2353 memoras
1272 2329 1352 2367 quo
1371 2315 1419 2353 id
1421 2315 1607 2366 fizcilz'us
1613 2316 1716 2369 fiat.

1104 2374 1193 2410 592.
1253 2373 1460 2415 perculit.
1524 2384 1580 2410 sc.
1644 2372 1860 2423 Epidicus,

1054 2424 1154 2465 ‘I'm
1175 2426 1288 2465 done
1309 2425 1392 2465 for:
1425 2427 1627 2479 Epidicus
1648 2428 1721 2466 has
1743 2438 1862 2480 upset

1049 2480 1119 2521 the
1140 2481 1323 2533 wagon‚’
1345 2481 1413 2521 i.e.
1432 2482 1579 2522 ruined
1600 2484 1862 2536 everything.

1047 2537 1160 2576 Bene
1190 2537 1437 2588 plaustrum
1470 2539 1655 2590 perculit
1689 2539 1862 2579 became

1048 2592 1298 2644 proverbial.
1376 2593 1456 2632 We
1493 2593 1626 2644 might
1662 2594 1860 2634 translate

1049 2652 1058 2667 ‘
1072 2655 1192 2700 upset
1209 2647 1279 2687 the
1295 2649 1528 2700 apple-cart
1540 2648 1548 2664 ³
1571 2659 1614 2688 to
1632 2650 1862 2701 reproduce

1047 2702 1118 2743 the
1138 2701 1408 2752 alliteration‚
1433 2703 1469 2743 if
1485 2704 1555 2744 the
1572 2704 1722 2756 phrase
1738 2705 1770 2745 is
1787 2714 1863 2745 not

1046 2766 1117 2798 too
1144 2758 1301 2811 vulgar.

1099 2819 1190 2854 593.
1239 2817 1458 2860 numquid
1476 2818 1685 2860 peccavi?
1708 2829 1743 2854 v.
1762 2828 1855 2868 390.

1101 2871 1140 2907 si
1159 2872 1319 2918 hercle,
1345 2883 1385 2907 v.
1411 2869 1503 2922 326.

1099 2929 1188 2963 594.
1247 2928 1521 2964 interimam.
1573 2925 1669 2965 Cas.
1689 2924 1768 2978 634
1791 2927 1857 2965 in-

1043 2981 1235 3020 terimere
1252 2981 1293 3020 ei
1310 2982 1373 3019 ait
1390 2981 1491 3020 velle
1511 2981 1657 3019 vitam.
